2240 3546
463 268 734 306 msa-oluff:
773 263 1095 303 socm‘rAns
1137 268 1287 305 sisso.
1543 247 1658 306 157

97 374 324 450 captivis
364 380 420 428 et
460 371 680 447 aegrotis
723 370 1025 446 hospitium
1071 378 1397 442 erexerunt,
1443 372 1500 426 in
1545 391 1658 448 quo

94 473 486 531 ministrabant
514 472 654 548 ipsi,
687 491 870 548 neque
904 471 1199 528 animabus
1224 481 1440 528 tantum
1472 473 1660 528 stude-

93 577 231 633 bant
272 576 570 653 prodesse,
611 594 805 631 verum
848 574 1013 630 etiam
1057 574 1416 650 corporibUS,
1462 573 1660 630 hausta

92 679 490 756 qualicumque
543 676 867 732 morborum
923 676 1300 731 curandorum
1360 676 1570 731 ratione
1627 694 1660 729 a

92 781 306 857 captivo
346 779 577 835 medicae
609 778 740 834 artis
773 795 965 852 gnaro.
1007 777 1115 847 Qui
1153 776 1406 832 laborare
1437 775 1658 852 gravius

88 882 456 953 videbantur,
490 881 591 937 hos
624 898 788 936 suum
831 878 974 932 intra
1005 886 1249 948 tectum,
1283 896 1395 952 quo
1426 877 1657 952 propius

88 993 143 1040 et
171 982 387 1040 facilius
411 989 760 1050 curarentur,
786 977 1172 1054 excipiebant,
1208 997 1404 1052 magna
1432 987 1658 1032 cuncto-

85 1103 212 1140 rum
242 1081 665 1159 approbatione.
703 1079 789 1136 Ad
813 1098 1006 1135 eorum
1042 1078 1262 1135 labores
1293 1087 1347 1135 et
1376 1078 1658 1155 Evangelii

85 1185 355 1258 fructum,
382 1203 493 1240 non
515 1183 771 1258 exiguam
797 1181 1168 1238 accessionem
1187 1179 1441 1256 adjunxit
1459 1179 1657 1238 Annus

83 1286 392 1357 Jubitaeus3
427 1288 584 1361 cujus
623 1303 802 1341 sacras
833 1302 966 1359 opes
1010 1291 1165 1338 tanto
1196 1281 1466 1358 prolixius
1508 1281 1657 1338 effu-

82 1386 323 1459 derunt,
376 1395 588 1464 quanto
638 1385 861 1442 illarum
913 1384 1160 1460 egentior
1211 1383 1291 1439 ibi
1345 1382 1656 1440 Christiana

81 1489 246 1567 plebs
269 1499 407 1546 erat.

246 1591 404 1646 Hanc
434 1588 564 1644 anni
595 1587 769 1645 sancti
810 1588 1157 1645 occasionem
1193 1589 1463 1666 arripiens
1489 1591 1655 1647 Fran-

83 1693 260 1750 ciscus
283 1692 478 1768 Borgia
508 1692 745 1747 Romam
774 1691 953 1764 venit,
982 1693 1141 1768 quasi
1164 1702 1227 1749 ut
1257 1693 1654 1770 Apostolorum

81 1813 234 1851 sacra
271 1793 464 1848 limina
506 1793 736 1864 viseret,
770 1813 960 1850 revera
995 1804 1058 1850 ut
1100 1795 1157 1851 S.
1198 1795 1476 1872 Ignatium
1509 1818 1657 1855 com-

79 1894 440 1971 plecteretur,
479 1903 534 1950 et
562 1903 772 1950 vestem
810 1893 1094 1952 Societatis
1126 1916 1190 1952 ac
1226 1917 1463 1971 nomen,
1500 1900 1657 1977 quod

78 1998 137 2054 in
191 1998 333 2054 votis
398 1996 617 2054 dudum
686 1996 969 2070 habebat,
1035 1998 1148 2055 illic
1206 2000 1485 2058 indueret.
1546 2004 1656 2061 Res

79 2098 411 2156 domesticas
459 2108 885 2175 composuerat,
949 2119 1094 2178 anno
1156 2122 1379 2158 Mnxmx
1421 2124 1653 2162 manum

77 2198 333 2256 ultimam
375 2201 482 2277 piis
517 2199 784 2276 operibus
827 2201 1054 2276 privatis
1091 2202 1450 2280 publicisque
1478 2206 1654 2283 impo-

79 2310 305 2372 suerat,
326 2301 519 2358 liberis
553 2311 613 2357 ut
649 2300 868 2357 lautum
905 2311 959 2358 et
1002 2304 1245 2379 probum
1284 2306 1522 2364 decebat
1558 2330 1654 2386 pa-

75 2411 256 2473 trem,
304 2402 687 2473 consuluerat,
749 2403 889 2458 nihil
939 2424 1070 2460 eum
1123 2416 1390 2482 praeterea
1449 2411 1651 2466 morari

73 2505 373 2561 videbatur
403 2505 705 2580 quominus
742 2505 1015 2562 destinata
1039 2508 1348 2584 perficeret.
1379 2509 1652 2587 Serpebat

75 2608 241 2664 etiam
271 2625 486 2678 rumor,
522 2606 724 2662 Caesari
759 2626 878 2663 esse
908 2609 965 2663 in
999 2610 1184 2665 animo
1218 2613 1450 2687 negotiis
1488 2612 1650 2671 illum

75 2708 341 2784 gravibus
380 2708 637 2784 gerendis
675 2708 972 2781 adhibere,
1009 2711 1219 2785 quibus
1257 2713 1428 2771 semel
1468 2715 1651 2792 impli-

75 2819 230 2865 catus
260 2808 636 2884 intelligebat,
671 2811 939 2868 minorem
981 2812 1088 2869 sibi
1133 2812 1454 2871 facultatem
1495 2815 1643 2888 fore,

73 2909 296 2966 vincula
352 2910 563 2986 quibus
625 2911 884 2989 alligatus
940 2914 998 2969 in
1048 2915 1252 2971 saeculo
1312 2917 1640 2989 tenebatur,

72 3010 468 3088 abrumpendi.
496 3013 891 3090 Hispaniarum
915 3037 1043 3073 vero
1069 3018 1326 3096 princeps
1348 3018 1643 3095 Philippus

64 3113 181 3187 jam
213 3111 293 3166 illi
327 3114 492 3189 regiae
526 3114 728 3173 domus
764 3117 1187 3194 praefecturam,
1236 3121 1280 3178 si
1324 3140 1510 3176 rerum
1548 3118 1645 3174 ali-

73 3211 300 3287 quando
339 3215 635 3291 potiretur,
675 3217 1012 3279 destinabat.
1056 3223 1191 3279 Haec
1228 3224 1412 3279 omnia
1448 3223 1644 3281 suade-

584 3436 599 3464 1

1717 1602 1783 1642 Fr.
1816 1600 1963 1652 Borgia

1692 1667 1859 1706 Romam
1871 1663 1995 1719 venit3
