2240 3546
534 236 806 275 HrsTomAE
848 234 1167 273 sociETAsz
1211 237 1363 276 JESU.
1620 216 1734 275 125

169 348 565 397 statuerentur.
607 339 874 395 Doctores
918 338 1174 395 catholici
1210 338 1526 415 complures
1565 340 1736 397 libel-

168 439 288 497 lum
316 440 686 516 exagitarunt.
735 439 800 496 In
835 458 900 496 eo
934 439 1111 496 multa
1147 440 1391 517 permitti
1428 440 1736 515 quereban-

167 549 289 612 tur,
353 560 481 616 quae
542 560 670 597 cum
722 540 972 597 doctrina
1015 541 1272 598 Ecclesiae
1331 560 1395 596 ac
1445 539 1735 616 disciplina

167 641 392 698 omnino
414 652 761 719 pugnarent,
795 651 858 698 ut
888 644 1238 699 matrimonia
1262 641 1656 714 Sacerdotum,
1683 650 1738 698 et

167 743 630 800 Communionem
662 744 770 801 sub
803 753 1042 821 utraque
1072 747 1271 823 specie.
1302 745 1570 802 Omnium
1591 762 1738 800 acer-

163 845 303 902 rime
344 846 408 902 P.
456 846 717 903 Nicolaus
759 846 1053 903 Bobadilla
1097 848 1449 905 declamavit.
1504 847 1632 903 Erat
1679 847 1738 903 in

166 948 294 1005 aula
319 949 579 1020 Caesaris,
614 949 944 1026 proceribus
989 949 1271 1006 catholicis
1308 969 1499 1022 carus,
1538 950 1636 1025 qui
1672 967 1737 1005 eo

167 1052 516 1108 conscientiae
545 1071 609 1107 ac
649 1070 874 1107 morum
909 1060 1123 1108 rectore
1152 1051 1461 1107 utebantur
1492 1072 1502 1106 ε
1538 1049 1738 1106 formi-

167 1152 332 1209 datus
373 1153 853 1226 protestantibus,
896 1172 1038 1229 quos
1082 1152 1240 1209 nullo
1289 1154 1573 1230 quiescere
1614 1151 1737 1207 loco

165 1254 404 1311 sinebat.
453 1254 658 1332 Aperte
706 1257 959 1312 invectus
999 1256 1057 1310 in
1107 1255 1353 1312 edietum
1390 1264 1474 1313 est
1514 1276 1525 1310 ε
1572 1253 1738 1311 nimis

163 1357 521 1434 indulgenter
543 1359 765 1415 tractari
795 1358 1083 1415 haereticos
1113 1357 1435 1428 dictitabat,
1468 1375 1584 1412 non
1612 1374 1738 1412 con-

165 1458 336 1514 ciliari
382 1480 574 1536 pacem
615 1459 756 1518 falsa
801 1459 1112 1517 concordiae
1153 1459 1335 1530 larva,
1376 1459 1475 1517 sed
1518 1457 1735 1515 bellum

160 1559 412 1617 accendi.
446 1560 580 1617 Haec
608 1561 703 1618 ille
723 1606 736 1633 ,
771 1570 826 1618 et
864 1581 1049 1618 coram
1082 1561 1318 1618 Caesare.
1368 1561 1575 1617 Graves
1605 1568 1737 1617 sunt

160 1661 518 1738 Principibus
539 1707 553 1733 ,
592 1664 939 1738 quicumque
967 1663 1103 1737 ipsis
1136 1661 1528 1734 adversantur,
1569 1661 1739 1717 maxi-

160 1783 251 1820 me
279 1772 465 1820 autem
490 1762 798 1820 victoribus
821 1771 876 1819 et
898 1760 1144 1819 secunda
1172 1762 1466 1819 utentibus
1487 1761 1733 1819 fortuna.

160 1865 472 1923 Bobadillae
500 1865 819 1921 libertatem
851 1864 1141 1940 aegerrime
1169 1864 1355 1921 Caesar
1392 1864 1551 1937 tulit,
1584 1885 1738 1922 eum-

159 1988 272 2045 que
322 1966 450 2023 aula
492 1965 795 2037 facessere,
848 1985 912 2021 ac
951 1974 1068 2021 tota
1123 1965 1390 2022 excedere
1441 1965 1739 2024 Germania

158 2068 347 2126 statim
369 2069 556 2144 jussit.
584 2068 822 2123 Romam
844 2086 1131 2124 reversum
1162 2067 1410 2144 Ignatius
1433 2088 1738 2146 parumper

158 2169 453 2226 admittere
495 2177 790 2226 cunctatus
833 2177 947 2241 est,
995 2179 1251 2226 metuens
1285 2189 1355 2226 ne
1382 2189 1502 2226 rem
1537 2172 1740 2248 egisset

159 2272 423 2345 calidius,
450 2281 504 2329 et
527 2291 725 2329 cavens
743 2316 757 2345 ,
790 2291 862 2328 ne
891 2291 1063 2349 quam
1086 2271 1374 2344 Pontifici,
1407 2280 1505 2328 aut
1534 2272 1737 2329 Caesari

151 2376 365 2450 justam
394 2373 874 2450 reprehendendae
904 2374 1213 2447 Societatis,
1247 2384 1302 2432 et
1324 2384 1611 2452 susceptos
1632 2393 1735 2451 pro

156 2475 347 2532 divina
385 2474 560 2552 gloria
602 2474 824 2533 labores
864 2476 1217 2549 retardandi,
1263 2495 1488 2533 causam
1523 2476 1684 2532 daret
1718 2496 1730 2531 :

159 2579 328 2638 simul
357 2598 422 2636 eo
452 2579 597 2636 facto
621 2599 751 2638 suos
773 2579 1106 2653 admonenS,
1140 2591 1350 2658 quanta
1378 2579 1735 2657 Principibus

158 2681 439 2738 veneratio
490 2681 785 2739 debeatur.
833 2682 1125 2739 Bobadilla
1168 2683 1523 2740 Germaniam
1570 2703 1736 2761 repe-

161 2795 274 2842 tere
308 2786 542 2857 vetitus,
569 2785 746 2842 varias
770 2784 944 2841 Italiae
973 2794 1159 2862 partes
1193 2785 1466 2857 excoluit,
1499 2784 1734 2862 Neapoli

159 2885 484 2962 diligentem
514 2895 570 2944 et
591 2886 940 2945 fructuosam
965 2889 1190 2944 navavit
1212 2907 1464 2966 operam,
1497 2908 1599 2945 nec
1621 2906 1734 2943 non

156 2986 216 3042 in
245 2986 577 3058 Minorensi,
623 2990 932 3067 vicinisque
977 2990 1350 3063 dioecesibus,
1396 3000 1519 3049 tum
1560 2990 1734 3066 Poly-

158 3090 352 3160 castri,
399 3090 697 3164 Bisiniani,
742 3100 798 3148 et
826 3093 1092 3164 Rossani,
1139 3092 1241 3150 ubi
1284 3094 1527 3171 suspicio
1561 3091 1733 3147 vehe-

158 3207 316 3247 mens
344 3188 479 3265 fuit,
512 3212 792 3251 venenum
815 3213 846 3250 a
869 3195 1102 3270 perditis
1127 3196 1176 3253 ei
1199 3195 1396 3253 datum
1428 3217 1438 3250 :
1473 3204 1537 3251 ut
1558 3194 1733 3251 instar

1845 862 2059 905 Bobadillae

1820 927 2059 970 resistentia.
