2240 3546
461 226 734 264 msTomAE
776 224 1097 263 socmTA‘ms
1141 227 1293 264 JESU.
1546 207 1670 268 273

91 335 253 408 jussa
281 330 635 388 formidinem
665 329 1035 386 incutiebant.
1078 328 1222 406 Ergo
1251 346 1476 385 rursum
1507 330 1674 388 inter-

100 442 290 508 rogat,
341 452 477 488 num
529 432 658 488 satis
694 432 764 488 sit
804 430 1132 487 Pontificem
1185 428 1338 485 adire
1377 431 1666 506 postridie.

101 535 202 593 Cui
240 536 515 610 Ignatius,
559 532 635 590 Ut
664 533 832 603 voles,
871 533 1086 609 inquit,
1122 530 1355 588 fortasse
1378 539 1668 606 metuenS,

95 655 195 708 ne,
234 638 277 694 si
304 637 507 713 jubere
536 644 825 714 pergeret,
865 633 1058 689 mortis
1091 631 1196 688 sibi
1227 630 1494 688 divinitus
1531 651 1672 708 prae-

96 738 376 794 nunciatae
408 738 783 815 suspicionem
814 735 1039 792 faceret.
1076 732 1351 789 Polancus
1372 777 1386 804 ,
1421 733 1511 788 cui
1540 732 1670 790 scri-

94 835 300 894 bendae
330 839 387 894 in
418 838 747 915 Hispaniam
776 835 1063 893 instabant
1091 833 1313 905 littcrae,
1346 832 1453 889 hoc
1476 833 1538 890 B.
1569 833 1670 889 Pa-

95 939 195 996 tris
229 958 497 1016 responso
521 940 910 1015 acquiescens,
950 946 1118 1013 atque
1151 936 1290 992 adeo
1322 935 1668 993 medicorum

84 1039 330 1115 judiciO,
369 1041 467 1116 qui
503 1039 575 1095 ad
617 1048 926 1116 aegrotum,
973 1037 1081 1094 hoc
1113 1037 1235 1114 ipso
1272 1036 1362 1093 die
1397 1036 1505 1093 sub
1543 1055 1671 1094 ves-

88 1161 314 1218 peram,
348 1142 579 1199 admissi
610 1142 796 1197 omnia
841 1148 962 1195 tuta
1004 1158 1124 1196 esse
1169 1137 1667 1210 confirmaverant,

89 1244 354 1302 mandata
385 1244 582 1320 Ignatii
614 1251 904 1319 posterum
928 1241 987 1296 in
1016 1239 1165 1296 diem
1196 1238 1433 1297 distulit.

253 1348 423 1424 AEgro
467 1346 791 1405 assidebant
840 1344 1111 1422 praecipui
1162 1343 1395 1420 quidam
1443 1343 1666 1417 PatreS,

87 1447 302 1523 quibus
340 1449 539 1520 etiam,
588 1457 893 1524 antequam
941 1444 1294 1502 discederent
1335 1444 1514 1500 multa
1549 1447 1669 1521 jam

85 1557 273 1622 nocte,
297 1549 778 1625 interrogantibus
803 1548 874 1605 de
896 1548 1145 1625 quodam
1170 1546 1403 1622 Collegii
1428 1545 1669 1603 Romani

83 1652 342 1727 negotio,
385 1650 526 1728 quid
569 1652 829 1724 sentiret,
877 1650 1228 1727 significavit.
1267 1649 1338 1705 Iis
1370 1649 1663 1724 digressis,

78 1759 304 1807 noctem
334 1751 608 1826 reliquam
641 1751 795 1805 solus
827 1752 1040 1823 exegit,
1090 1751 1236 1803 inter
1274 1750 1462 1805 dulcia
1495 1760 1550 1807 et
1582 1770 1667 1807 ar-

81 1853 271 1910 dentia
302 1873 430 1910 cum
455 1853 572 1909 Deo
599 1850 912 1926 colloquia,
956 1849 1035 1904 sic
1071 1857 1136 1903 ut
1158 1866 1321 1903 voces
1344 1869 1376 1902 a
1410 1851 1665 1923 proxime

81 1954 427 2012 cubantibus
469 1954 891 2011 exaudirentur.
937 1949 1178 2026 Ingressi
1221 1968 1417 2022 mane,
1463 1947 1664 2026 explo-

79 2056 243 2112 randi
282 2075 447 2113 causa
480 2051 967 2132 quemadmodum
1005 2070 1062 2109 se
1083 2049 1341 2122 haberet,
1367 2049 1663 2106 inveniunt

80 2158 297 2215 viribus
329 2158 664 2215 destitutum
686 2201 700 2229 ,
734 2165 790 2213 et
818 2156 1061 2212 animam
1105 2172 1249 2230 pene
1279 2151 1656 2209 exhalantem.

80 2259 308 2336 Reliqui
351 2259 543 2316 Patres
580 2257 800 2335 trepide
841 2257 1203 2314 conveniunt.
1244 2254 1524 2312 Polancus
1567 2274 1675 2312 ne·-

80 2360 405 2438 gligentiam
464 2379 623 2417 suam
666 2361 965 2432 incusans,
1016 2359 1200 2416 evolat
1243 2358 1316 2415 ad
1373 2378 1662 2416 summum

81 2461 447 2533 Pontificem,
482 2462 580 2537 qui
612 2459 879 2536 singulari
908 2460 1316 2517 benevolentiae
1339 2459 1663 2537 dolorisque

81 2582 251 2621 sensu
299 2562 609 2638 ingemuit,
656 2571 712 2618 et
758 2560 942 2638 large,
997 2561 1154 2638 quod
1201 2561 1530 2639 petebatur,
1581 2563 1664 2619 in-

80 2663 277 2722 dulsit.
312 2663 541 2721 Interim
572 2672 730 2720 erant
751 2708 765 2737 ,
803 2664 902 2740 qui
930 2663 1271 2720 revocandas
1302 2664 1496 2739 aegroti
1517 2664 1661 2723 vires

82 2744 405 2838 censerent,
439 2765 799 2843 languorem,
825 2774 890 2822 ut
916 2765 1016 2839 fit,
1055 2785 1120 2822 ac
1153 2764 1500 2823 debilitatem
1527 2768 1653 2824 rati.

80 2864 156 2924 At
176 2865 425 2943 Ignatius
454 2868 822 2924 intermortua
852 2886 986 2924 voce
1007 2912 1021 2940 ,
1054 2867 1194 2924 nihil
1214 2871 1332 2945 jam
1368 2887 1511 2946 opus
1538 2888 1659 2927 esse

79 2967 401 3044 respondit,
446 2971 806 3047 jungensque
854 2988 1089 3043 manus,
1137 2969 1312 3027 oculis
1354 2971 1410 3026 in
1454 2969 1660 3027 coelum

80 3066 280 3125 leniter
323 3068 591 3143 sublatis,
637 3089 703 3127 ac
732 3070 1118 3130 dulcissimum
1153 3072 1291 3130 Jesu
1325 3092 1531 3129 nomen
1565 3092 1660 3150 ap-

80 3167 300 3245 pellans
329 3170 709 3248 placidissime
748 3174 1049 3252 expiravit,
1092 3174 1265 3233 altera
1300 3182 1430 3252 post
1470 3182 1657 3231 ortum

344 3281 507 3341 Tom.
557 3282 612 3340 I.
1336 3284 1410 3342 19
