2240 3546
229 2757 468 2812 Ingolstadii

283 2823 396 2866 Jaius
407 2854 419 2877 ‚

535 261 612 317 62
1196 287 1440 326 EPITOME

532 383 802 459 edixerat,
828 405 899 444 ne
920 388 1077 464 prius
1100 391 1263 466 aegris
1285 392 1615 469 corporibus
1638 396 1914 469 medicus,
1933 417 2103 474 quam

531 490 730 548 animis
761 490 1028 548 Sacerdos
1059 492 1394 550 medicinam
1425 495 1739 554 adhiberet.
1776 499 1899 570 Quo
1921 506 2109 555 tamen

530 593 766 651 facultas
810 593 1039 649 daretur
1079 597 1256 669 major
1294 594 1465 671 hujus
1516 597 1682 654 edicti
1725 599 2061 657 observandi
2094 621 2105 655 :

530 697 817 769 Pontifex,
851 707 1077 753 auctore
1105 697 1303 753 eodem
1336 698 1583 774 IgnatiQ
1617 699 1763 757 illud
1798 703 1873 757 ita
1903 711 2112 778 tempe-

529 800 706 871 ravit,
739 807 803 855 ut
842 798 1032 856 liceret
1073 798 1292 856 medico
1341 820 1556 877 aegrum
1598 802 1891 858 dumtaxat
1939 802 2113 860 semel

530 903 850 978 iterumque
878 902 1035 979 prius
1067 902 1277 975 visere7
1310 923 1482 980 quam
1517 903 1787 962 Sacerdos
1818 905 2114 962 arcessitus

529 1003 747 1062 fuisset.
812 1005 994 1082 Majus
1045 1004 1321 1081 quiddam
1374 1006 1446 1064 ad
1503 1008 1785 1086 religionis
1840 1010 1900 1065 in
1958 1008 2116 1066 Italia

531 1107 704 1165 decus
763 1116 819 1165 et
874 1107 1316 1166 incolumitatem
1375 1109 1606 1167 molitus
1664 1119 1768 1168 est.
1825 1111 2117 1167 Haereseos

528 1213 682 1270 virus
719 1213 776 1269 in
816 1212 962 1269 hanc
991 1213 1238 1270 veritatis
1271 1212 1573 1270 Catholicae
1617 1232 1800 1269 arcem
1831 1212 2117 1269 insinuare

533 1334 591 1372 se
619 1315 895 1372 tentabat.
952 1315 1138 1372 Suasit
1175 1316 1432 1372 Pontifici
1471 1316 1534 1373 B.
1583 1316 1776 1387 Pater,
1822 1323 1887 1371 ut
1921 1315 2117 1371 Romae

530 1439 751 1478 sacrum
783 1418 1072 1494 quoddam
1114 1418 1369 1474 tribunal
1409 1420 1799 1475 institueretur
1829 1436 1860 1472 e
1888 1415 2118 1472 delectis

529 1520 957 1589 Cardinalibus‚
992 1520 1090 1595 qui
1121 1519 1467 1576 excubarent
1502 1520 1563 1574 in
1593 1538 1818 1575 omnem
1864 1526 2115 1594 partem7

527 1645 600 1683 ne
630 1645 743 1702 qua
778 1624 982 1701 pestis,
1027 1622 1101 1679 ad
1142 1621 1599 1679 labefactandam
1634 1619 1790 1677 Fidei
1822 1619 2118 1696 integrita-

529 1736 642 1783 tem
676 1725 1029 1803 subreperet.

718 1903 941 1946 Annus
978 1896 1224 1945 christi
1257 1896 1465 1944 1544:
1503 1895 1846 1943 societatis
1883 1896 1941 1943 5.

700 2036 827 2093 Non
858 2033 1082 2110 segnius
1117 2032 1176 2088 in
1204 2030 1441 2088 tutanda
1478 2051 1580 2108 per
1610 2030 1966 2089 Germaniam
1996 2031 2120 2090 reli-

531 2138 711 2215 gionis
757 2157 822 2194 ac
871 2155 1096 2192 morum
1150 2134 1517 2193 sanctimonia
1572 2133 1919 2192 laborabant
1973 2133 2117 2192 Socii

533 2240 607 2298 ab
640 2240 855 2317 Ignatio
884 2238 1106 2316 pridem
1135 2238 1311 2295 missi.
1347 2238 1507 2295 Jaius
1530 2236 1826 2294 doctorum
1851 2236 2119 2315 Ingolsta-

533 2342 815 2400 diensium
865 2341 1092 2398 hortatu
1143 2361 1208 2398 ac
1264 2339 1531 2418 precibus
1552 2384 1566 2413 7
1628 2339 1860 2417 publice
1918 2339 2120 2397 docere

535 2445 897 2523 compulsus7
946 2464 1069 2501 eam
1110 2443 1386 2521 implebat
1438 2463 1567 2499 cum
1611 2442 1882 2519 dignitate
1925 2441 2120 2499 cathe-

535 2551 729 2623 dram7
763 2569 935 2627 quam
978 2548 1226 2606 Joannes
1255 2546 1491 2620 Eckius,
1528 2546 1788 2604 Ecclesiae
1819 2544 2119 2603 Catholicae

537 2653 798 2712 defensor
828 2652 1083 2730 egregius
1104 2695 1118 2724 v
1150 2671 1416 2724 vacuam,
1449 2670 1632 2727 nuper
1661 2657 1841 2705 morte
1870 2646 2118 2724 relique-

537 2766 644 2814 rat.
683 2758 943 2815 Retinere
973 2755 1007 2813 J
1011 2756 1159 2812 aium
1194 2753 1650 2832 Ingolstadiensis
1673 2750 1972 2808 Academia
2001 2759 2118 2807 sta-

539 2871 752 2935 tuerat7
785 2845 950 2938 eique
991 2860 1178 2937 opima
1212 2879 1341 2915 cum
1373 2855 1667 2913 ordinariae
1699 2853 1979 2911 cathedrae
2009 2852 2118 2909 ho-

538 2985 674 3022 nore
727 2964 1003 3042 stipendia
1046 2961 1301 3020 Doctoris
1344 2959 1678 3016 offerebant.
1727 2956 1960 3014 Illorum
1990 2962 2119 3010 vota

538 3050 983 3127 constantissime
1023 3065 1259 3143 respuit.
1304 3065 1488 3135 Quare
1527 3062 1738 3120 litteras
1776 3061 1849 3118 ad
1876 3060 2118 3117 Pontifi—

537 3192 658 3229 cem
688 3171 995 3228 Maximum
1026 3187 1128 3245 pro
1159 3187 1223 3225 eo
1254 3168 1314 3224 in
1351 3175 1691 3245 perpetuum
1735 3162 2117 3222 conservando

540 3274 840 3332 dederunt.
881 3270 1137 3330 Pontifex
1172 3275 1292 3349 ejus
1321 3292 1549 3350 operam
1580 3270 1903 3330 existimans
1934 3268 2118 3327 utilio-
