2240 3546
529 258 607 315 54
1192 284 1433 323 EPITOME

702 440 921 485 Annus
957 438 1200 486 Christ!
1235 440 1400 488 1543
1437 455 1453 489 ε
1490 444 1830 493 societatis
1865 450 1923 492 4.

213 599 459 643 eteoloniae.
691 595 920 654 Minoris
961 598 1230 653 momenti
1270 617 1383 655 non
1413 611 1531 656 erat
1569 602 1856 660 Coloniam
1893 602 2100 681 Agrip-

528 699 718 776 pinam
748 698 804 753 in
835 698 1104 775 religione
1132 719 1261 756 vera
1293 703 1603 774 continereg,
1645 705 1743 761 sed
1765 707 1893 783 plus
1923 708 2101 764 multo

527 801 761 879 periculi
791 822 854 858 ac
882 802 1230 860 difficultatis
1261 814 1398 862 erat.
1428 806 1572 862 Nam
1597 806 1976 881 Hermannus.
2003 810 2104 866 Co-

524 904 790 962 loniensis
832 906 1098 980 antistes.
1146 906 1516 964 defectionem
1560 928 1591 964 a
1637 908 1921 966 Catholica
1969 909 2105 966 reli-

523 1008 687 1086 gione
721 1007 793 1064 ad
824 1007 1172 1067 Lutheranos
1209 1010 1613 1068 meditabatur.
1660 1013 1788 1070 Non
1823 1011 2106 1068 dubitavit

522 1109 727 1183 Faber.
754 1131 915 1184 eum.)
950 1111 1105 1188 quod
1134 1132 1300 1170 nemo
1335 1133 1485 1171 unus
1516 1114 1797 1186 audebat.
1830 1114 2008 1173 libere
2043 1136 2106 1172 ac

523 1213 802 1289 sapienter
839 1212 1140 1273 admonere
1158 1240 1171 1286 ς,
1211 1236 1313 1273 nec
1349 1236 1550 1293 parum
1595 1216 1749 1293 apud
1779 1215 2064 1274 hominem
2089 1262 2103 1290 7

519 1313 650 1371 licet
674 1314 980 1391 cupiditate
1002 1337 1170 1393 prava
1193 1362 1206 1390 ·.
1234 1328 1566 1375 {estuantem
1587 1363 1600 1390 ·.
1629 1317 1892 1395 profecit:
1921 1329 1984 1375 ut
2006 1339 2107 1396 per

522 1414 770 1470 Fabrum
801 1418 1085 1493 praecipue
1121 1420 1363 1491 steterit.
1397 1441 1468 1476 ne
1507 1420 1779 1477 catholica
1809 1441 1896 1479 res
1930 1423 1989 1477 in
2026 1424 2109 1478 ci-

523 1516 693 1572 vitate
717 1515 1020 1574 clarissima
1039 1562 1052 1589 ,Ι
1078 1538 1308 1594 pessum
1341 1520 1465 1576 iret.
1494 1520 1559 1576 Id
1589 1522 1829 1578 maxime
1851 1533 2109 1598 agentem

516 1617 689 1695 jubet
731 1618 983 1695 Ignatius
1017 1620 1075 1675 in
1111 1619 1452 1676 Lusitaniam
1491 1621 1799 1698 proficiscig
1843 1633 1907 1679 ut
1943 1623 2110 1682 Lusi-

525 1721 639 1776 tani
672 1721 841 1797 Regis
877 1720 1051 1777 filiam
1073 1766 1087 1793 7
1133 1721 1395 1800 Philippo
1434 1724 1833 1801 Hispaniarum
1864 1726 2108 1805 Principi

525 1824 866 1901 desponsam
910 1825 1288 1882 comitaretur.
1330 1826 1482 1903 Rege
1521 1827 1643 1903 ipso
1689 1826 1747 1882 id
1790 1828 2111 1904 postulante

527 1928 793 1984 continuo
828 1927 933 1983 iter
960 1927 1305 2003 ingreditur,
1339 1948 1403 1984 ac
1425 1927 1728 2002 Leodium7
1757 1930 2108 2007 Trajectum,

477 2079 483 2084 .
522 2027 972 2106 Aquisgranum,
1014 2030 1348 2105 opportunis
1378 2029 1646 2088 adversus
1676 2033 1983 2108 grassantia
2018 2054 2112 2091 er-

523 2149 718 2188 rorum
763 2151 975 2187 venena
1020 2130 1322 2205 subsidiis7
1369 2153 1437 2190 ex
1485 2133 1682 2191 itinere
1717 2138 2103 2194 communivit.

525 2231 928 2310 Properantem
985 2234 1044 2289 in
1101 2232 1445 2291 Lusitaniam
1504 2236 1740 2295 morbus
1792 2237 2112 2296 diuturnior

529 2335 758 2393 Lovanii
789 2335 1068 2392 distinuit.

183 2449 492 2524 eurum-auium
692 2437 789 2495 Est
819 2458 883 2494 ea
906 2437 1220 2495 Brabantiae
1252 2440 1442 2498 civitas
1466 2440 1841 2519 amplissima.
1876 2452 1932 2499 et
1960 2441 2107 2500 Aca-

232 2517 426 2570 adierint,
529 2541 773 2598 demiam
817 2539 991 2598 habet
1032 2541 1199 2620 longe
1239 2543 1683 2601 celeberrimam.
1725 2544 1866 2601 Illuc
1897 2544 2113 2621 aliquot

527 2643 671 2700 Socii
722 2663 753 2700 e
797 2642 975 2700 Gallia
1020 2663 1077 2702 se
1121 2656 1467 2723 receperant.
1518 2647 1659 2705 Cum
1701 2646 1850 2703 enim
1892 2645 2112 2702 bellum

529 2745 716 2802 denuo
740 2747 1032 2804 exarsisset
1053 2748 1197 2804 inter
1220 2748 1576 2806 Franciscum
1602 2749 1625 2805 I
1650 2748 1842 2805 Galliae
1865 2751 2074 2826 Regem
2094 2795 2108 2823 a

527 2859 584 2907 et
614 2850 876 2908 Carolurn
902 2851 947 2907 Y
980 2851 1287 2924 Caesarem,
1325 2852 1652 2909 Franciscus
1681 2851 1822 2909 edici
1850 2873 1950 2929 per
1974 2871 2112 2930 prae-

529 2972 723 3010 conem
741 2957 1013 3030 jusserat.
1042 2965 1106 3011 ut
1125 2998 1139 3025 ,Ι
1164 2954 1261 3031 qui
1284 2954 1354 3010 de
1380 2954 1561 3011 Caroli
1585 2954 1631 3010 Y
1657 2954 1868 3012 ditione
1889 2963 2106 3027 essent,

528 3074 721 3114 omnes
747 3056 924 3112 Gallia
955 3056 1306 3113 excederent.
1336 3055 1376 3112 E
1402 3055 1679 3114 sexdecim
1704 3056 1873 3132 igitur
1902 3055 2074 3112 Sociis
2092 3100 2106 3128 ‚

530 3167 655 3215 octo
691 3157 955 3235 Hispani.
992 3158 1298 3215 Lovanium
1339 3178 1395 3216 se
1427 3157 1786 3215 contulerunt
1816 3179 1827 3213 :
1865 3176 2108 3233 cumque

533 3259 933 3319 increbruisset
953 3280 1146 3318 rumor
1174 3261 1546 3320 obsidendam
1576 3262 1735 3319 brevi
1766 3261 2040 3320 Lutetiam
2077 3280 2107 3316 a
