2240 3546
484 273 755 312 ms‘romAE
797 272 1117 310 SOCIETATIS
1162 274 1310 313 JEsU.
1583 256 1657 312 41

104 380 437 454 descriptam
507 375 901 433 communibus
971 377 1112 433 votis
1197 376 1584 453 approbarunt
1648 402 1659 436 :

104 480 303 539 deinde
379 480 566 555 ipsum
637 477 913 554 Ignatium
985 479 1182 554 quinto
1254 478 1387 536 Idus
1462 478 1666 556 Aprilis
1702 503 1866 557 eligitur

102 584 230 641 anni
252 600 432 638 MDXLI
454 581 823 657 Praepositum
848 581 1282 651 renunciarunt,
1310 578 1668 638 dissentiente
1704 568 1907 622 ignatius,

104 684 325 740 nemine
361 692 565 760 praeter
598 682 784 758 ipsum
814 704 825 738 :
861 683 959 759 qui
994 702 1064 739 ne
1087 682 1259 738 alium
1288 682 1380 738 alii
1410 680 1671 759 praeferre

99 783 404 856 videretur,
437 803 566 840 eum
602 783 857 841 consulto
881 784 1189 840 nominavit
1209 828 1224 856 ,
1262 784 1321 839 in
1352 803 1520 861 quem
1550 781 1674 859 plu-

99 885 227 940 rimi
258 886 670 962 conspirarent,
696 905 810 942 uno
835 905 892 943 se
915 885 1207 942 dumtaxat
1229 895 1480 962 excepto.
1509 885 1675 942 Hunc

101 1005 232 1042 vero
276 1007 454 1066 unum
507 987 714 1063 singuli
757 988 911 1045 miris
954 987 1231 1043 ornabant
1273 986 1572 1057 laudibus,
1617 986 1676 1040 in

105 1086 450 1163 obsignatis,
497 1108 627 1165 quae
679 1092 1027 1166 conjecerant
1066 1090 1125 1145 in
1169 1088 1457 1146 custodem
1492 1086 1678 1142 arcani

103 1188 403 1261 cistellam,
444 1189 759 1266 suffragiis,
804 1199 860 1247 et
901 1211 1146 1267 quorum
1188 1189 1535 1267 autographa
1570 1206 1679 1244 ser-

101 1298 304 1345 vantur
334 1291 392 1346 in
421 1290 700 1348 tabulario
732 1292 1001 1349 Romanae
1030 1292 1416 1350 Professorum
1451 1290 1675 1346 domus.

105 1389 350 1446 Suorum
382 1393 864 1449 consentientibus
885 1395 1061 1465 votis,
1101 1403 1158 1449 et
1193 1393 1502 1467 suffragiis,
1535 1400 1684 1447 atto—

102 1491 255 1545 nitus
285 1510 641 1563 moerensque
679 1493 743 1544 B.
788 1493 951 1544 Pater
980 1493 1160 1545 multa
1191 1492 1331 1545 dixit
1351 1535 1365 1562 ,
1413 1512 1511 1547 cur
1541 1511 1684 1549 onus

103 1597 387 1645 excuteret
424 1589 571 1660 suis,
604 1598 668 1644 ut
700 1589 919 1662 aiebat,
953 1590 1135 1666 impar
1169 1591 1405 1649 viribus.
1448 1593 1685 1668 Rogavit

105 1700 207 1764 ut,
250 1690 425 1746 tridui
464 1700 562 1746 aut
603 1691 891 1767 quatridui
922 1692 1100 1768 spatio
1133 1693 1492 1769 interpositO,
1525 1694 1684 1749 Divi·
1721 1705 1791 1760 qui
1835 1703 2019 1775 regimen

104 1813 244 1849 num
284 1791 480 1848 lumen
517 1794 782 1849 attentius
821 1803 1204 1870 exposcerent.
1248 1794 1383 1850 Haec
1412 1794 1685 1852 modestia
1720 1776 1881 1888 ἕξεως
1903 1781 2022 1811 ⁵⁰⁵⁰¹‘

105 1896 298 1952 Patres
349 1896 526 1971 magis
574 1895 633 1950 in
685 1895 921 1972 pristina
977 1896 1250 1952 sententia
1310 1896 1680 1952 confirmavit.

109 1996 322 2053 Morem
346 1995 713 2052 nihilominus
734 2039 748 2068 ,
781 2015 885 2073 pro
915 2017 978 2053 ea
1000 2041 1014 2069 ,
1048 2017 1160 2073 qua
1194 2016 1550 2055 communem
1588 1999 1689 2055 Pa-

108 2106 324 2154 rentem
405 2096 819 2170 observabant,
899 2099 1284 2171 veneratione,
1369 2109 1681 2175 gesserunt.

110 2201 313 2257 Exacto
353 2220 455 2277 per
486 2200 738 2256 assiduas
772 2217 996 2275 preces,
1033 2209 1089 2255 et
1123 2199 1462 2257 voluntarias
1494 2220 1688 2276 poenas

112 2301 414 2378 quatriduo
436 2346 450 2374 ,
502 2320 699 2358 rursus
753 2300 898 2356 itum
953 2311 1036 2358 est
1088 2301 1147 2356 in
1191 2301 1475 2376 suffragia.
1532 2301 1688 2357 Idem

113 2421 344 2480 prorsus
368 2403 622 2458 omnium
647 2422 950 2461 consensus
983 2404 1184 2460 extitit.
1211 2404 1470 2461 Necdum
1504 2412 1690 2459 tamen

116 2505 280 2561 cessit
330 2504 527 2579 Ignatii
577 2503 894 2575 humilitas,
953 2504 1132 2562 donec
1182 2505 1530 2578 Sacerdotis,
1578 2523 1691 2582 quo

117 2607 468 2664 conscientiae
496 2606 689 2683 judice
717 2607 1008 2679 utebatur,
1052 2608 1286 2684 imperio
1317 2618 1540 2665 coactus
1569 2626 1693 2662 mo-

117 2731 237 2768 rem
260 2710 523 2767 Patribus
552 2730 771 2786 gerere,
802 2710 1089 2767 Societatis
1117 2711 1363 2788 regimen
1397 2708 1693 2786 suscepit.*
1733 2716 2025 2793 *fmno15412

120 2811 252 2868 Mox
282 2811 593 2869 carissimos
631 2810 850 2868 sodales
889 2831 952 2867 ac
981 2811 1126 2869 filios
1155 2812 1229 2868 ad
1258 2811 1533 2869 visitanda
1564 2830 1694 2887 sep·
1730 2785 1795 2824 aze
1837 2781 2028 2886 &gischa-

122 2921 234 2969 tem
265 2913 553 2989 praecipua
582 2911 754 2970 Urbis
780 2913 986 2991 templa
1011 2913 1276 2970 deduxit:
1310 2914 1429 2991 ipse
1458 2914 1516 2970 in
1537 2912 1694 2969 Basi-

123 3016 226 3073 lica
290 3017 352 3073 B.
412 3016 602 3088 Pauli,
676 3036 835 3092 quae,
900 3026 965 3073 ut
1027 3027 1179 3074 extra
1242 3035 1432 3074 muros
1483 3016 1692 3092 posita,

127 3118 391 3174 remotior
421 3129 505 3176 est
534 3118 607 3175 ab
633 3117 929 3175 hominum
961 3137 1270 3191 concursu,
1298 3118 1465 3175 sacris
1497 3132 1696 3191 opera-

127 3229 254 3293 tus,
296 3221 367 3278 ad
409 3242 559 3281 aram
604 3221 941 3282 Beatissimae
980 3221 1256 3297 Virginis,
1295 3228 1537 3295 quatuor
1571 3224 1698 3272 vota
