2313 3780
362 498 897 589 rnfflrfflo
966 495 1497 588 AUCToltls.

234 736 427 789 Multos
454 734 695 789 invenire
734 744 838 799 est,
884 736 1076 805 quibus
1109 752 1218 789 non
1255 733 1382 788 satis
1411 731 1504 786 otii
1534 745 1722 801 suppe-

160 832 246 896 tit,
282 840 339 885 ut
372 831 615 885 evolvant
654 846 745 883 sex
786 839 872 883 aut
912 841 1112 902 septem
1147 828 1394 883 Historiae
1442 823 1722 880 Societatis

159 925 457 989 volumina,
491 934 621 995 quot.
658 924 916 978 hactenus
944 925 999 977 in
1037 925 1210 978 lucem
1251 922 1390 976 edita
1429 928 1571 974 sunt.
1614 919 1725 973 Nec

160 1019 317 1091 pauci
357 1018 514 1072 etiam
555 1016 917 1089 reperiuntur,
961 1018 1050 1088 qui
1100 1034 1185 1071 res
1231 1024 1442 1070 nostras
1479 1028 1728 1083 magnam

160 1124 363 1188 partem
397 1113 585 1179 lectas,
614 1112 913 1178 auditasve,
945 1130 1053 1167 non
1083 1121 1191 1165 tam
1225 1109 1476 1181 explicari
1505 1108 1605 1162 sibi
1633 1106 1731 1160 mi-

161 1213 415 1280 nutatim,
459 1227 618 1283 quam
655 1212 826 1265 obiter
861 1207 1086 1262 indicari
1127 1206 1311 1260 velint.
1344 1206 1420 1258 Ea
1454 1221 1541 1258 me
1572 1219 1732 1258 causa

161 1304 396 1376 impulit,
429 1314 486 1359 ut
521 1322 637 1376 quae
672 1305 728 1358 in
764 1303 920 1359 editis
953 1300 1319 1356 voluminibus
1354 1298 1618 1352 habentur
1646 1315 1733 1351 co-

161 1398 312 1469 piose
348 1400 573 1470 scripta,
606 1399 790 1470 paucis
827 1396 1229 1467 complecterer,
1262 1393 1414 1446 initio
1455 1409 1484 1445 a
1517 1392 1736 1446 fundata

162 1491 457 1552 Societate,
509 1501 559 1541 et
599 1509 693 1557 per
741 1491 933 1538 Sedem
974 1486 1339 1553 Apostolicam
1388 1486 1731 1549 confirmata,

162 1584 352 1647 ducto,
407 1582 497 1652 qui
545 1589 625 1635 est
672 1596 845 1633 annus
893 1577 1088 1631 Christi
1136 1594 1277 1630 MDXL
1323 1593 1492 1647 usque
1541 1579 1606 1632 ad
1646 1595 1736 1632 an-

161 1694 290 1730 num
323 1693 526 1740 Mnch,
571 1691 675 1745 quo
714 1673 947 1744 primum
996 1671 1110 1741 ejus
1150 1671 1401 1725 saeculum
1449 1672 1730 1726 clauditur.

165 1772 378 1836 Sentio,
422 1786 582 1841 quam
622 1768 690 1822 sit
739 1767 988 1831 arduum,
1027 1765 1303 1820 includere
1348 1766 1495 1820 brevi
1543 1767 1736 1820 tabella

163 1874 333 1919 totum
382 1880 520 1935 pene
564 1872 827 1917 terrarum
866 1860 1091 1925 Orbem,
1135 1876 1294 1930 quem
1343 1859 1583 1914 Societas
1627 1860 1737 1930 jam

164 1958 290 2012 inde
327 1974 356 2011 a
393 1957 581 2029 primis
630 1956 911 2011 cunabulis
945 1955 1316 2026 perlustravit,
1357 1964 1407 2009 et
1440 1955 1496 2008 in
1526 1957 1739 2027 amplis-

167 2055 301 2109 sima
330 2054 406 2108 sic
427 2052 627 2107 versari
655 2051 905 2114 materia,
938 2058 995 2103 ut
1022 2066 1198 2119 neque
1236 2049 1520 2104 multitudo
1559 2067 1737 2104 rerum

167 2149 513 2203 dicendarum
568 2146 843 2210 brevitati,
888 2161 1062 2215 neque
1103 2147 1468 2216 perspicuitati
1506 2147 1737 2201 brevitas

168 2243 381 2297 officiat.
400 2243 527 2296 Haec
549 2250 774 2311 utraque
796 2239 1000 2304 cautiO,
1028 2239 1205 2309 quoad
1235 2238 1347 2308 ejus
1375 2239 1489 2293 fieri
1511 2241 1733 2310 poterit,

168 2353 197 2390 a
242 2337 399 2390 nobis
443 2335 799 2390 adhibebitur.
846 2333 1180 2405 Praefigimus
1222 2334 1370 2404 operi
1416 2335 1512 2388 toti
1561 2336 1740 2390 Prooe-

166 2430 364 2493 mium,
399 2430 550 2499 quasi
577 2429 899 2482 vestibulum
926 2428 1151 2483 aedificio
1185 2449 1197 2482 ε
1224 2429 1279 2482 in
1309 2446 1478 2500 eoque
1508 2429 1741 2485 Societa-

165 2523 234 2576 tis
294 2523 612 2594 primordia,
676 2531 727 2576 et
785 2539 870 2576 res
930 2532 1051 2577 ante
1105 2524 1566 2578 confirmationem
1627 2525 1741 2596 ejus

170 2635 474 2690 annumque
501 2637 641 2672 MDXL
679 2627 880 2690 gestaS,
915 2635 1032 2688 quze
1060 2619 1418 2672 necessariam
1447 2628 1631 2690 postea
1664 2620 1740 2674 di-

169 2715 354 2769 cendis
371 2715 540 2768 facem
562 2714 866 2785 praeferent,
889 2714 1222 2784 exponimus.
1251 2715 1455 2769 Seriem
1480 2732 1738 2770 annorum

169 2807 225 2860 in
255 2808 587 2878 exponendis
611 2808 770 2862 rebus
794 2808 956 2879 gestis
979 2809 1297 2862 serrandum
1326 2810 1600 2876 duximuS,
1634 2829 1738 2882 quo

168 2919 319 2957 more
351 2903 570 2957 annales
606 2903 775 2957 nostri
804 2903 951 2957 fuere
987 2904 1275 2975 conscripti
1319 2924 1329 2958 :
1368 2921 1477 2958 non
1516 2905 1588 2958 ita
1621 2905 1740 2959 reli-

171 2998 319 3068 giose
346 3006 525 3051 tamen
555 2991 680 3051 huic
720 2997 895 3051 ordini
934 2999 1235 3069 putavimus
1263 2999 1654 3063 inhaerendum,
1685 3008 1742 3051 ut

172 3090 306 3145 duos
334 3100 507 3145 tresve
546 3108 718 3145 annos
737 3134 748 3156 ,
783 3108 903 3146 cum
932 3092 985 3146 id
1014 3093 1235 3147 materia
1264 3093 1592 3164 postulabat,
1620 3091 1741 3161 jun-

171 3199 294 3253 gere
322 3185 644 3255 fugeremus
678 3185 791 3240 Imo
816 3186 871 3240 in
901 3188 1244 3242 recensendis
1273 3188 1619 3258 collegiorum
1648 3201 1739 3239 na-

433 3277 596 3334 Tom.
647 3277 699 3334 I.
1454 3281 1492 3334 2

1816 733 1958 785 Operis

1762 797 1972 837 consilium

1762 867 1802 901 et
1828 860 1970 901 forma.
