2240 3546
238 2645 450 2688 Salmeron

199 2715 239 2750 et
267 2712 437 2753 Broe'tus
455 2712 504 2754 ad

220 2774 459 2819 Hiberniam

267 2838 395 2883 missi.

531 251 610 310 50
1203 273 1442 311 EPITOME

530 384 675 434 esset
709 385 1044 453 proventus⁷
1079 396 1217 434 num
1261 396 1390 453 quae
1427 367 1830 435 succrevissent
1860 376 2067 432 zizania
2090 419 2104 446 7

530 487 913 554 cognosceretg
969 479 1099 536 satis
1149 497 1386 554 gnarus,
1443 499 1644 555 parum
1694 499 1814 537 esse
1852 479 2110 557 plantare

530 588 629 637 aut
655 581 834 656 rigare
854 625 868 653 7
903 582 1007 638 nisi
1046 579 1295 656 plantata
1325 591 1380 636 et
1410 582 1584 656 rigata
1621 583 2010 658 perducantur
2038 582 2111 639 ad

532 682 932 738 maturitatem.
977 704 1006 732 t<
1037 681 1197 758 Saepe
1235 681 1373 736 mihi
1409 701 1517 738 usu
1559 684 1711 738 venit
1746 684 1952 762 (inquit
1992 685 2114 761 ipse

530 783 589 838 in
632 803 732 840 sua
775 783 1020 859 quadam
1075 783 1148 839 ad
1193 783 1382 841 Socios
1431 785 1715 842 Romanos
1753 787 2011 865 epistola)
2051 796 2113 843 ut

528 903 732 941 manus
773 883 1100 961 baptizandi
1153 884 1548 963 defatigatione
1590 886 1793 945 fractas
1842 888 2107 946 habeam.

530 986 753 1062 Quippe
798 986 1084 1043 interdum
1130 988 1364 1064 singulis
1410 988 1614 1047 diebus
1663 991 1765 1047 toti
1806 993 1934 1069 pagi
1966 992 2116 1070 bap-

532 1088 694 1145 tismo
743 1088 1092 1161 lustrantui²3
1150 1110 1253 1147 nec
1302 1111 1428 1148 raro
1487 1112 1555 1148 ex
1601 1093 1800 1150 crebra
1857 1093 2116 1172 Symboli

530 1190 834 1268 Apostolici
886 1192 1200 1270 taliumque
1249 1214 1439 1250 rerum
1487 1194 1810 1268 iteratione,
1865 1216 1974 1253 vox
2024 1218 2116 1254 me

528 1294 787 1371 viresque
828 1295 1118 1352 deficiunt.
1157 1296 1496 1355 Incredibile
1525 1307 1637 1371 est,
1673 1300 1772 1375 qui
1800 1298 2018 1357 fructus
2049 1320 2117 1357 ex

529 1395 830 1451 infantium
887 1397 1171 1472 baptismo
1234 1400 1506 1474 capiatur.
1584 1400 1820 1457 Illorum
1875 1403 2118 1479 amplius

531 1495 726 1553 decem
770 1496 943 1553 millia
994 1497 1149 1554 vitali
1192 1507 1431 1574 purgata
1476 1498 1629 1555 fonte
1683 1502 1869 1557 statim
1913 1503 2119 1560 coelum

531 1602 772 1678 accepit.
828 1599 1132 1658 Mirificum
1181 1618 1385 1675 pueros
1438 1607 1591 1656 tenet
1639 1599 1833 1656 odium
1876 1602 2121 1661 idolola-

532 1704 686 1774 triae3
722 1722 905 1780 usque
941 1720 1040 1773 ec,
1089 1709 1153 1757 ut
1195 1721 1325 1758 cum
1366 1700 1602 1759 ethnicis
1633 1701 1707 1758 ob
1739 1722 1862 1759 eam
1894 1723 2120 1762 causam

529 1805 838 1882 suscipiant
860 1802 1193 1874 simultates3
1221 1803 1486 1879 ipsosque
1508 1813 1791 1880 parentes7
1820 1805 1864 1861 si
1888 1806 2119 1881 quando

530 1925 625 1965 eos
661 1907 935 1965 senserint
977 1905 1195 1961 cultum
1232 1904 1485 1961 tribuere
1525 1904 1723 1978 idolis,
1778 1905 2115 1983 objurgare,

532 2017 704 2084 atque
753 2007 827 2064 ad
868 2028 959 2064 me
1004 2005 1223 2063 deferre
1264 2025 1380 2062 non
1423 2005 1711 2063 dubitent.
1763 2006 1876 2084 Ipsi
1920 2017 2120 2085 suapte

535 2119 735 2186 sponte
772 2110 1020 2166 Deorum
1067 2107 1367 2166 simulacra
1417 2109 1728 2184 invadunt⁷
1776 2110 2116 2186 deturbant,

535 2215 963 2285 comminuunt,
999 2220 1369 2289 consputam,
1403 2221 1458 2269 et
1488 2212 1839 2289 proculcant.
1874 2239 1905 2268 ))
1942 2212 2120 2272 Addit

534 2318 620 2374 vir
641 2325 867 2374 sanctus
891 2314 1039 2371 varia
1063 2313 1362 2388 miracula.
1395 2335 1524 2392 quae
1546 2316 1702 2373 Fidei
1726 2336 2032 2393 puerorum
2063 2329 2119 2375 et

535 2418 728 2496 pietati
757 2417 1037 2493 assignat,
1064 2436 1193 2473 cum
1216 2417 1337 2494 ipse
1365 2416 1594 2474 illorum
1618 2438 1822 2496 magna
1845 2463 1858 2491 a
1892 2427 1948 2475 et
1979 2439 2120 2497 prae-

539 2521 703 2597 cipua
732 2539 863 2597 pars
893 2527 1059 2577 esset.

706 2621 856 2678 Dum
890 2622 949 2677 in
991 2621 1278 2678 Orientem
1314 2621 1481 2699 longe
1517 2643 1582 2680 ac
1618 2622 1907 2679 meridiem
1939 2623 2119 2682 Socie-

541 2733 656 2796 tas.
703 2726 846 2784 duce
879 2726 1148 2799 Xaverio7
1196 2727 1503 2804 procurrit3
1552 2726 1747 2782 eadem
1791 2726 1850 2781 in
1890 2725 2116 2784 ultimas

538 2830 942 2908 Septentrionis
983 2849 1106 2887 oras
1149 2828 1562 2887 Missionnarios
1607 2826 1956 2904 Apostolicos
2005 2829 2117 2884 im-

536 2935 709 2992 misit.
766 2932 1186 2991 Conservabant
1242 2930 1481 2988 Hiberni
1544 2930 1861 3007 complures
1916 2929 2113 2986 catho-

535 3036 701 3094 licam
742 3036 970 3109 Fidem7
1016 3056 1188 3113 quam
1231 3054 1376 3112 pene
1419 3035 1600 3093 omnis
1634 3033 1834 3113 Anglia
1874 3036 2114 3112 turpiter

535 3138 834 3216 abjecerat.
898 3137 985 3196 Ad
1039 3138 1286 3195 virorum
1351 3137 1783 3197 fortissimorum
1845 3138 2112 3214 pietatem

533 3243 901 3301 muniendam
942 3240 1232 3314 Pontifex,
1287 3251 1519 3318 urgente
1561 3240 1870 3319 praesertim
1911 3238 2112 3298 Arma-
