2240 3546
521 235 792 272 HISTORIAE
834 231 1154 269 socffi‘rAT1s
1199 235 1347 271 Jsssu.
1679 213 1712 268 7

155 348 395 415 potcstas
427 336 651 390 daretur
692 333 844 389 nulla
864 377 877 404 a
913 352 1165 389 reversus
1196 342 1278 389 est
1307 334 1360 387 in
1399 333 1672 409 Europam
1698 378 1711 404 .,

155 447 217 493 ut
258 438 312 490 in
343 435 526 491 Asiam
558 443 750 510 postea
798 435 1061 509 paratior.
1095 454 1197 490 nec
1239 433 1390 489 solus
1412 477 1425 503 7
1466 434 1671 489 rediret
1699 457 1709 489 :

155 537 321 593 simul
363 547 424 592 ut
462 538 644 612 operis
687 536 876 607 ardui.
926 536 1141 612 pridem
1185 537 1369 591 animo
1412 535 1711 608 designati.

154 640 516 696 fundamenta
542 639 710 694 veluti
739 647 988 714 poneret.
1022 638 1259 693 Ridebat
1282 637 1506 692 omnino
1534 653 1715 690 neces-

150 740 354 796 sarium
393 758 511 795 esse
553 738 623 793 ad
666 739 1074 813 procurandam
1119 739 1430 792 animorum
1479 735 1713 791 salutem

152 841 417 896 doctrinae³
446 839 769 916 praesidium
794 883 807 910 7
845 840 960 896 sine
997 858 1109 914 quo
1142 858 1282 894 caeca
1314 838 1490 912 pietas
1519 836 1716 892 obesse

150 941 278 1017 plus
321 963 486 1018 quam
535 942 797 1017 prodesse
854 949 1058 1018 potest.
1106 940 1310 996 Verum
1363 956 1536 992 annos
1594 937 1714 1010 ipse

148 1051 258 1099 tres
301 1063 365 1098 ac
412 1043 633 1117 triginta
679 1051 845 1098 natus
882 1050 1018 1097 erat.
1057 1041 1183 1096 Non
1222 1038 1492 1095 deterruit
1528 1055 1590 1092 ea
1626 1054 1711 1091 res
1805 1019 1999 1055 R⁰‘'⁰¹'⁵⁰⁵

1749 1093 1768 1118 e
1833 1078 2045 1119 Palaestina

147 1141 430 1199 hominem
485 1152 598 1198 tam
645 1162 759 1199 suae
804 1150 1242 1216 contemptorem
1278 1139 1500 1215 gloriae.
1542 1155 1711 1212 quam
1749 1157 1910 1195 operam
1954 1144 2046 1212 ’dat

147 1241 350 1297 divinae
411 1245 719 1313 sitientem,
773 1243 1075 1317 quominus
1127 1240 1431 1296 Barcinone
1487 1255 1714 1311 operam
1749 1214 2038 1322 ῗζῗέᾞζὲξὲξ

144 1341 288 1397 inter
331 1363 535 1418 pueros
586 1344 848 1418 magistro
893 1341 1292 1396 Grammaticos
1345 1339 1521 1393 daret.
1572 1336 1715 1392 Cum

145 1452 332 1498 autem
368 1445 440 1494 ita
485 1445 761 1494 insisteret
805 1442 991 1491 studio
1033 1440 1375 1503 litterarum,
1414 1442 1477 1488 ut
1507 1451 1717 1507 propa-

143 1539 343 1614 gandae
398 1539 619 1614 pietatis
660 1556 850 1593 curam
903 1554 1016 1590 non
1055 1536 1363 1602 omitteret3
1405 1533 1582 1588 multa
1627 1534 1718 1588 in-

144 1639 468 1713 dignissima
523 1636 755 1713 pertulit
815 1635 887 1691 ab
932 1635 1227 1711 improbis.
1282 1634 1550 1690 Fustibus
1610 1633 1717 1688 ali-

143 1739 369 1814 quando
421 1749 534 1793 tam
573 1737 717 1792 male
758 1744 1019 1811 acceptus
1060 1734 1194 1805 fuit,
1248 1743 1312 1789 ut
1356 1735 1414 1788 in
1467 1732 1710 1787 dubium

143 1840 254 1894 vita
295 1839 528 1894 venerit.
563 1836 713 1894 Alias
745 1836 998 1912 perditus
1037 1835 1222 1890 nescio
1253 1835 1379 1910 quis
1416 1836 1618 1910 irrupit
1654 1836 1711 1890 in

141 1942 260 2013 ejus
285 1938 608 1994 cubiculum
633 1981 647 2009 7
685 1938 872 1993 stricto
910 1956 1035 1991 cum
1066 1937 1311 2011 pugione
1340 1958 1350 1991 :
1379 1936 1478 1992 sed
1512 1938 1710 1992 minaci

143 2041 214 2096 de
263 2040 402 2095 coelo
451 2058 585 2094 voce
638 2035 1094 2112 perterrefactus,
1155 2035 1346 2091 retulit
1406 2037 1608 2111 pedem
1660 2047 1714 2092 et

142 2150 384 2195 mentem
421 2139 776 2206 sceleratam.
817 2155 945 2190 cum
985 2134 1094 2189 sica
1137 2133 1418 2208 deposuit.
1459 2138 1582 2192 Non
1625 2137 1710 2192 le-

142 2242 293 2296 viora
331 2240 562 2316 pertulit
596 2236 913 2311 Compluti7
957 2253 1069 2309 quo
1110 2245 1238 2310 post
1276 2246 1532 2290 exactum
1572 2237 1708 2290 Bar-

144 2342 340 2396 cinone
390 2340 683 2395 biennium
733 2356 790 2393 se
842 2335 1181 2405 contulerat7
1245 2335 1540 2392 altioribus
1591 2340 1708 2411 jam

143 2439 449 2515 disciplinis
472 2438 729 2492 idoneus.
759 2435 1210 2492 Conveniebatur
1234 2437 1492 2511 privatim
1518 2456 1547 2491 a
1571 2436 1711 2492 mul-

142 2542 241 2610 tis7
285 2538 496 2594 consilii
537 2556 731 2607 causa.
771 2546 825 2592 et
852 2536 1234 2591 institutionis.
1276 2536 1449 2591 Movit
1469 2535 1710 2593 hominis

142 2642 356 2695 novitas
394 2639 764 2714 suspicionem
803 2658 814 2692 ε
850 2645 904 2691 et
933 2644 1090 2691 erant
1121 2655 1182 2691 ea
1215 2644 1463 2710 tempora
1495 2635 1710 2692 Luthe-

141 2760 291 2795 ranae
320 2740 491 2815 pestis
533 2747 686 2793 metu
709 2782 722 2808 7
763 2758 827 2793 ac
858 2739 1014 2794 novis
1049 2737 1442 2813 opinionibus.
1470 2737 1700 2807 infestag

144 2841 432 2914 conjicitur
453 2840 506 2893 in
535 2839 875 2907 custodiam3
914 2846 969 2892 at
1001 2847 1282 2913 comperta
1314 2836 1539 2893 tandem
1571 2839 1707 2893 inte-

143 2941 338 3015 gritate
360 2949 479 2994 tum
505 2939 772 2994 doctrinae
794 2983 807 3010 ἦ
834 2949 952 2994 tum
978 2941 1134 3008 vitae,
1164 2938 1483 3006 dimittitur.
1511 2940 1705 2995 Poenas

144 3039 482 3096 obtrectator
509 3039 637 3110 luit.
674 3042 832 3114 cujus
861 3039 1051 3094 audita
1078 3058 1184 3094 vox
1208 3059 1271 3094 ea
1301 3038 1512 3095 fuerat:
1551 3037 1708 3093 stIale

145 3139 417 3194 incendio
447 3160 722 3215 perean
768 3143 892 3195 nisi
932 3145 1038 3195 iste
1082 3119 1383 3215 (sgnatium
1417 3156 1706 3194 common-
