2240 3546
497 214 612 272 126
1160 242 1405 282 ΕΡΙΤΟΜΕ

490 339 732 417 prodigii
776 343 848 401 sit
882 343 1174 420 habitum,
1220 347 1377 424 quod
1419 358 1726 409 extremam
1767 354 2068 430 perniciem

490 441 769 521 effugerit.
801 446 1006 503 Verum
1032 447 1201 504 simul
1231 469 1295 506 ac
1318 452 1542 509 emersit
1564 472 1594 510 e
1617 453 1840 528 morbO,
1872 454 2068 512 eadem

490 543 775 605 alacritate
823 557 994 625 atque
1050 552 1390 626 constantia,
1450 554 1523 610 ad
1566 556 1916 633 castigandos
1959 557 2071 612 im—

489 649 701 725 probos
745 649 930 707 rediit.
979 651 1365 710 Phaliscorum
1409 655 1576 712 etiam
1619 657 1794 731 fines,
1840 667 2072 735 rogante

489 751 613 828 ipso
645 749 934 826 Antistite,
967 753 1229 813 lustravit
1259 777 1270 813 :
1305 755 1440 814 inde
1469 758 1530 815 in
1558 758 1860 833 Picenum,
1899 761 2073 819 Com-

487 853 726 912 missarii
749 856 975 915 nomine
998 857 1071 915 ab
1097 858 1425 917 orthodoxae
1448 861 1730 938 religionis
1751 864 2069 940 judicibus,

488 964 546 1013 et
581 958 739 1033 pravi
786 958 1065 1037 dogmatis
1105 961 1540 1039 inquisitoribus
1583 964 1896 1023 destinatus
1940 986 2074 1044 per-

487 1060 631 1117 rexit
660 1082 671 1117 :
708 1062 956 1141 denique
990 1064 1296 1124 Lauretum
1327 1066 1495 1140 adiit,
1536 1076 1763 1126 auctore
1792 1068 2076 1126 Cardinali

489 1162 759 1242 Carpensi
796 1176 861 1223 ut
903 1167 1132 1226 Clerum
1171 1169 1501 1248 inspiceret,
1545 1171 1743 1249 ibique
1779 1170 1931 1228 diem
1976 1188 2077 1228 su-

154 1245 175 1268 *
194 1257 314 1288 armo
332 1244 452 1287 ¹59⁰·
487 1287 750 1346 premum
778 1270 920 1327 obiit
942 1270 990 1328 *.

198 1315 310 1352 aetat.
330 1311 399 1353 79.

656 1372 848 1431 Varias
899 1392 1130 1451 quoque
1178 1373 1353 1432 Italiae
1387 1385 1609 1453 parteS,
1649 1394 1756 1432 nec
1805 1374 2080 1432 deteriore

153 1477 455 1552 Sylv.La13dini
488 1475 679 1534 fructu
701 1521 715 1549 ,
760 1476 1002 1536 lustrare
1037 1478 1312 1556 pergebat
1343 1478 1409 1536 P.
1444 1478 1728 1557 Sylvester
1764 1476 2074 1536 Landinus.

198 1542 401 1587 facund1a.
487 1579 732 1657 Fulginii
754 1581 987 1659 quidem
1017 1583 1076 1639 in
1107 1582 1376 1656 Umbria,
1418 1602 1547 1639 cum
1577 1582 1637 1638 in
1662 1581 1860 1638 funere
1885 1583 2081 1657 cujus-

488 1681 621 1740 dam
664 1684 835 1755 civis,
882 1703 997 1760 quo
1041 1692 1409 1764 consueverat
1451 1683 1652 1740 ardore
1696 1682 1958 1755 dixisset,
2004 1681 2082 1738 ita

484 1784 737 1862 populus
757 1786 984 1857 exarsit,
1010 1794 1075 1841 ut
1099 1785 1286 1842 media
1313 1785 1371 1841 in
1396 1786 1663 1842 concione
1687 1805 1882 1843 vocem
1907 1786 2083 1864 aliqui

487 1887 782 1960 tollerent,
817 1906 991 1964 seque
1020 1886 1268 1945 facturos
1290 1887 1563 1964 imperata
1581 1931 1595 1960 ,
1622 1895 1679 1945 et
1699 1888 1873 1947 vitam
1897 1909 2085 1948 emen-

490 1990 757 2063 daturos,
817 1989 1000 2048 multo
1053 2011 1182 2047 cum
1239 1990 1455 2068 gemitu
1507 1989 1944 2048 conclamarent.
2001 1990 2083 2049 Ex

491 2094 729 2152 Umbria
776 2094 1082 2154 translatus
1146 2095 1205 2152 in
1260 2093 1672 2171 Carfagnanam
1735 2102 1792 2151 et
1845 2093 2084 2151 Etruriae

489 2195 664 2270 fines,
699 2217 795 2257 sex
838 2198 1036 2256 eadem
1072 2196 1436 2256 hebdomada
1477 2206 1765 2274 septemve
1806 2196 1976 2271 locis,
2018 2218 2085 2255 ac

492 2321 643 2379 saepe
670 2311 756 2359 ter
785 2301 846 2358 in
878 2300 971 2359 die
1008 2311 1337 2379 suggestum
1378 2299 1827 2372 conscendebat,
1869 2321 1937 2359 ex
1967 2320 2082 2378 quo

492 2403 842 2463 descendens
880 2404 1177 2462 audiendis
1210 2403 1270 2459 in
1315 2420 1471 2460 sacro
1502 2400 1774 2459 tribunali
1802 2402 2085 2480 poeniten-

491 2507 648 2566 tibus
677 2507 934 2565 vacabat.
972 2508 1057 2566 Ne
1079 2525 1210 2565 vero
1236 2503 1633 2565 succumberet
1655 2504 1812 2561 oneri
1834 2548 1849 2578 ,
1883 2504 2085 2561 Sacer-

492 2611 654 2669 dotes
676 2629 879 2668 novem
908 2630 940 2668 e
969 2609 1340 2688 circumjectis
1370 2606 1595 2687 oppidis
1615 2607 1836 2679 accivit,
1870 2606 2085 2683 quibus

492 2713 881 2791 adjutoribUS,
921 2723 977 2771 et
1020 2721 1500 2792 sacramentorum
1539 2712 1920 2785 administris,
1955 2720 2086 2770 ute·-

491 2826 669 2875 retur.
724 2817 935 2875 Eadem
977 2816 1307 2888 sedulitate,
1353 2835 1418 2872 ac
1455 2812 1719 2871 felicitate
1761 2834 1879 2871 rem
1915 2815 2087 2890 gessit

494 2920 952 2998 Camporegiani,
1005 2928 1062 2978 et
1106 2918 1401 2995 Carraegii,
1445 2937 1558 2994 qua
1599 2916 1660 2972 in
1701 2915 1847 2974 urbe
1886 2936 2084 2994 pacem

496 3023 815 3101 composuit
857 3022 1000 3081 duas
1050 3023 1196 3080 inter
1246 3020 1544 3091 factiones,
1589 3038 1691 3096 per
1744 3038 1887 3096 quas
1938 3019 2085 3076 cives

497 3127 752 3206 quinque
781 3135 839 3184 et
859 3125 1261 3203 quadraginta,
1298 3124 1359 3181 in
1381 3124 1564 3201 iisque
1587 3131 1699 3181 tres
1731 3123 2048 3181 sacerdotes
2066 3165 2080 3193 .,

500 3230 728 3288 mactati
765 3228 1023 3302 fuerant,
1070 3236 1224 3286 tanta
1265 3227 1601 3305 impunitate
1629 3245 1695 3283 ac
1727 3224 1982 3298 licentia,
2021 3231 2086 3280 ut
