2240 3546
478 288 749 324 HISTORIAE
791 285 1112 324 SOCIETATIS
1156 288 1305 324 JESU.
1557 269 1677 327 ‘227

111 388 439 446 methodum
464 390 772 465 redegerat,
799 397 861 445 ut
885 387 1101 445 facilius
1125 409 1154 444 a
1180 390 1381 446 nostris
1405 391 1679 465 perdisce-

111 500 325 546 rentur.
363 490 558 566 Itaque
587 490 643 544 in
674 489 883 567 oppido
915 489 1195 562 Coulano'7
1230 499 1284 546 et
1315 509 1408 545 ora
1440 489 1677 547 Piscaria

105 614 223 671 prae
253 594 447 650 ceteris
469 638 482 665 7
522 592 728 669 linguae
762 592 1075 649 vernaculae
1107 593 1291 649 minus
1321 593 1542 668 peritis7
1571 594 1677 648 uti-

104 695 230 752 liter
252 690 548 752 laborabat
578 717 588 750 :
627 715 847 772 usuque
878 695 1045 771 longo
1078 694 1526 751 animadversum
1559 703 1670 765 est7

105 799 375 855 sermonis
411 799 626 855 inscitia
670 818 868 875 parum
915 797 1068 874 apud
1121 798 1391 854 barbaros
1441 797 1669 874 profici,

103 902 359 974 quamvis
382 900 567 956 idonei
598 919 709 956 non
735 900 918 956 desint
947 900 1276 974 interpretes
1301 920 1311 953 ε
1341 918 1404 954 ac
1430 898 1670 955 inultum

101 1001 160 1056 in
192 1020 257 1057 eo
292 1001 431 1057 vidit
466 1001 522 1056 S.
557 1001 835 1077 Ignatius‚
872 999 1009 1054 dum
1042 999 1343 1076 paecepit„
1379 1008 1441 1054 ut
1471 1000 1527 1054 in
1562 1020 1673 1075 qua

101 1103 340 1178 quisque
383 1112 637 1159 nostrum
685 1102 907 1177 regione
950 1109 1225 1171 versetur²
1273 1102 1392 1175 ejus
1435 1101 1674 1177 regionis

101 1221 411 1260 sermonem
450 1205 679 1261 ediscat.
720 1203 784 1260 Id
817 1223 942 1259 cum
970 1203 1265 1260 Henricius
1296 1202 1463 1279 plane
1487 1203 1675 1259 obser-

98 1316 315 1379 vasset,
351 1327 471 1363 eam
507 1315 626 1362 erat
659 1305 896 1382 adeptus
935 1304 1142 1381 linguae
1173 1304 1575 1381 cognitionem,
1611 1313 1674 1359 ut

98 1405 321 1464 fabulas
357 1408 706 1465 ethnicorum
740 1409 957 1485 scriptis
988 1407 1154 1463 etiam
1186 1407 1420 1484 egregiis
1449 1406 1670 1463 refelle-

97 1519 210 1581 ret7
259 1511 554 1586 gentisque
601 1511 855 1567 doctores
908 1528 1055 1566 unus
1100 1510 1388 1565 universos
1433 1509 1501 1564 ad
1554 1509 1674 1566 dis-

97 1611 402 1686 putationis
453 1619 730 1667 certamen
790 1619 1138 1687 provocaret.
1203 1610 1320 1666 Nec
1373 1610 1553 1665 minor
1601 1609 1673 1666 ad

97 1730 488 1788 quoscumque
528 1711 750 1768 labores
800 1711 1122 1768 tolerandos
1174 1711 1428 1769 alacritas
1472 1714 1669 1769 inerat.

97 1812 235 1868 Tam
284 1814 505 1889 copiosa
558 1814 705 1869 inter
750 1812 873 1869 haec
931 1813 1176 1869 dulcedo
1230 1813 1433 1869 divinae
1485 1833 1676 1871 conso-

94 1913 316 1971 lationis
366 1913 666 1986 affluebat,
713 1923 777 1970 ut
819 1916 1124 1972 affirmaret
1168 1916 1336 1973 malle
1381 1936 1438 1975 se
1471 1918 1528 1972 in
1571 1917 1677 1975 hac

95 2016 319 2073 assidua
349 2017 597 2092 corporis
637 2017 922 2093 animique
965 2002 1362 2096 defatigatione
1401 2030 1675 2097 perpetuo

98 2120 333 2190 versari7
379 2139 551 2195 quam
588 2118 778 2175 subito
808 2119 866 2174 in
901 2119 1105 2176 coelum
1137 2122 1280 2198 rapi.
1316 2122 1514 2198 Neque
1544 2141 1674 2179 vero

94 2221 199 2278 ista
230 2219 584 2296 splendidius
613 2221 800 2278 verbis
825 2223 1331 2294 commemorabat.)
1360 2243 1532 2299 quam
1566 2223 1674 2279 for-

92 2323 206 2378 -tius
238 2322 541 2398 praestabat
585 2322 765 2380 factis.
803 2323 981 2379 Mauri
1027 2324 1322 2400 praedones
1357 2325 1542 2402 juncti
1577 2324 1676 2380 Ba-

96 2423 254 2499 dagis
296 2424 571 2500 oppidum
613 2424 876 2481 Punicale
925 2425 1272 2497 invaserantg
1331 2444 1396 2482 eo
1454 2424 1675 2501 direpto

96 2526 249 2581 venit
287 2525 581 2582 Henricius
623 2527 680 2581 in
719 2525 944 2582 illorum
991 2535 1345 2602 potestatem.
1390 2527 1676 2603 Repetunt

99 2627 383 2704 captivum
414 2626 664 2684 Lusitani
683 2672 696 2697 2
723 2636 779 2684 et
808 2648 961 2683 arma
990 2626 1324 2704 bellumque
1346 2629 1447 2685 nisi
1476 2628 1675 2685 redda-

97 2739 192 2787 tur
234 2732 532 2786 intentant.
581 2731 779 2806 Neque
821 2729 1084 2786 abnuunt
1117 2729 1381 2801 barbari,
1417 2729 1516 2786 sed
1553 2748 1676 2806 pre-

97 2834 241 2890 tium
270 2834 513 2889 immane
542 2852 645 2909 pro
671 2835 791 2909 ejus
814 2832 994 2908 capite
1017 2839 1303 2902 statuunt2
1331 2841 1508 2906 utque
1530 2828 1676 2885 illud

100 2958 132 2994 a
172 2936 449 2994 Lusitanis
486 2935 650 2992 citius
692 2933 1024 3010 faciliusque
1062 2942 1464 3010 extorqueant,
1508 2933 1677 3008 capti-

101 3059 236 3095 vum
273 3038 408 3095 diris
449 3038 693 3094 cruciare
731 3036 912 3094 modis
948 3035 1373 3112 aggrediuntur.
1417 3034 1674 3091 Ferream

103 3149 355 3198 catenam
387 3141 718 3218 perbrevem
755 3139 898 3197 collo
927 3138 1219 3217 implicant
1250 3159 1260 3193 :
1289 3136 1486 3194 eadem
1511 3153 1674 3192 crura

103 3251 160 3299 et
181 3241 351 3318 pedes
381 3243 456 3298 ita
488 3243 906 3328 constringunt,
940 3241 1199 3317 colloque
1219 3239 1580 3316 apprimunt,
1613 3242 1676 3292 ut
