2240 3546
199 1399 220 1420 *
235 1412 354 1442 anno
374 1398 497 1442 1575.

244 2999 472 3054 Collegium

227 3066 462 3107 Mutinense
474 3096 486 3119 ,

528 239 651 301 206
1203 265 1446 304 EPITOME

531 369 768 446 collegio
811 368 1107 428 fundando
1149 369 1556 448 vectigalibus,
1601 370 1787 428 eidem
1830 370 2119 430 Societatis

530 471 840 550 Praeposito
864 473 1153 548 negotium
1181 472 1371 545 dedit,
1397 482 1462 529 ut
1485 473 1832 530 conditiones
1855 473 2122 551 legesque

531 572 915 647 describeret,
962 574 1361 652 proponendas
1410 575 1865 634 adolescentibus
1909 577 2121 633 admit-

532 676 716 733 tendis
747 677 806 732 in
841 676 1156 754 Collegium
1189 678 1620 750 Germanicum,
1660 682 1897 757 ejusque
1928 672 2121 736 curam

531 781 716 839 eidem
746 782 1036 858 imposuit.
1063 781 1311 838 Juvenes
1349 800 1377 837 e
1409 780 1575 837 variis
1607 781 1922 838 Germaniae
1947 783 2125 859 parti-

530 884 647 942 bus
687 884 904 957 vocati,
950 883 1294 957 adfuerunt,
1340 892 1396 940 et
1437 883 1556 940 dies
1600 883 1798 960 quinta
1845 885 2122 944 Calendas

531 987 895 1061 Novembris,
929 988 1061 1044 anni
1091 1008 1254 1044 MDLII
1285 985 1485 1044 natalis
1519 985 1754 1064 collegio
1785 986 1928 1043 fuit:
1968 987 2128 1064 quod

533 1092 679 1149 inter
709 1111 906 1168 graves
945 1092 1022 1149 rei
1055 1090 1343 1148 familiaris
1388 1091 1673 1165 angustias
1711 1088 1910 1166 Ignatii
1942 1088 2129 1146 studio

536 1203 818 1251 servatum
843 1238 857 1266 ,
903 1192 1109 1250 deinde
1140 1192 1392 1270 Gregorii
1425 1191 1557 1248 XIII
1595 1191 1931 1249 liberalitate
1962 1192 2132 1249 stabi-

535 1296 738 1370 litum,
794 1317 859 1354 ac
910 1297 967 1354 S.
1008 1295 1349 1374 Apollinaris
1399 1294 1613 1372 templo
1665 1316 1794 1352 cum
1846 1295 2130 1372 adjunctis

537 1399 761 1457 aedibus
792 1398 1067 1457 donatum
1098 1399 1125 1426 *
1155 1399 1430 1456 ducentos
1471 1396 1761 1454 interdum
1798 1405 1854 1453 et
1883 1396 2129 1473 amplius

538 1502 830 1575 alumnos,
877 1502 1214 1561 excellentes
1249 1500 1475 1578 ingenio
1497 1543 1511 1572 ,
1557 1497 1854 1555 nobilitate
1876 1543 1890 1571 ,
1925 1499 2134 1576 pietate

538 1607 877 1663 numeravit.
931 1606 1186 1683 Hungari
1231 1603 1479 1662 subinde
1519 1602 1579 1657 in
1613 1600 1760 1657 illud
1804 1620 1970 1678 aequo
2006 1604 2136 1678 jure

540 1729 670 1766 cum
709 1710 1001 1767 Germanis
1032 1709 1254 1767 adsciti.
1302 1699 1386 1765 De
1422 1706 1502 1763 rei
1532 1705 1822 1762 familiaris
1859 1704 2136 1763 adminis-

538 1814 777 1870 tratione
821 1811 1080 1868 nonnihil
1123 1811 1394 1867 obortum
1432 1806 1740 1884 aliquando
1781 1816 1866 1865 est
1896 1805 2140 1864 difficul-

536 1917 688 1973 tatis,
732 1917 957 1992 Quippe
989 1911 1423 1990 Congregationi
1454 1909 1505 1967 II
1536 1908 1795 1966 Generali
1819 1908 2133 1986 placuerat,

538 2029 605 2077 ut
639 2019 993 2095 ubicumque
1022 2016 1266 2073 Societas
1296 2014 1534 2070 haberet
1577 2011 1882 2068 Seminaria
1913 2019 1969 2068 et
1999 2029 2139 2067 con-

540 2122 804 2180 tubernia
835 2139 1146 2198 puerorum
1166 2163 1181 2191 ,
1223 2117 1532 2175 abstineret
1566 2116 1793 2193 penitus
1835 2114 1909 2172 ab
1941 2134 2139 2172 eorum

541 2246 602 2284 re
634 2224 894 2282 familiari
926 2220 1393 2280 administranda.
1435 2219 1634 2296 Itaque
1667 2218 1983 2275 Germanici
2018 2218 2140 2276 col-

542 2328 673 2405 legii
717 2327 1085 2384 domesticam
1131 2323 1586 2404 procurationem
1623 2329 1978 2397 susceperat,
2024 2339 2141 2376 non

545 2440 818 2490 renuente
866 2429 1171 2501 Pontifice,
1221 2425 1534 2485 Cardinalis
1585 2422 1869 2480 Sabellus.
1929 2422 2139 2480 Verum

548 2544 812 2614 expertus
863 2533 944 2591 rei
994 2531 1278 2589 molestias
1334 2550 1399 2586 ac
1449 2526 1881 2597 difficultatem,
1945 2531 2143 2580 auctor

550 2639 818 2716 Gregorio
849 2637 994 2711 fuit,
1033 2646 1098 2693 ut
1133 2636 1187 2692 id
1223 2634 1438 2706 oneriS,
1477 2630 1634 2710 quod
1663 2629 1906 2687 Societas
1935 2625 2008 2683 ab
2040 2626 2142 2682 ini-

549 2743 627 2800 tio
658 2741 995 2821 pertulerat,
1039 2739 1121 2796 illi
1153 2737 1509 2796 redderetur.

717 2846 824 2918 Qui
864 2844 937 2901 ad
981 2842 1296 2918 Collegium
1340 2836 1737 2894 Germanicum
1790 2832 2143 2891 constituen-

552 2948 692 3006 dum
734 2948 980 3020 consilii,
1028 2956 1085 3004 et
1120 2943 1312 3002 auxilii
1350 2939 1599 2998 multum
1643 2935 1908 2994 attulerat
1942 2934 2145 2993 Cardi-

553 3051 696 3108 nalis
726 3050 996 3108 Moronus
1028 3071 1039 3106 t
1075 3049 1228 3106 idem
1273 3044 1530 3103 conditor
1558 3041 1740 3099 extitit
1768 3038 2137 3107 Mutinensi83

556 3159 793 3233 ejusque
834 3153 1193 3232 potissimum
1241 3158 1440 3227 rogatu
1484 3145 1763 3204 Mutinam
1801 3151 1995 3200 octavo
2033 3139 2144 3197 Ca-

560 3258 755 3317 lendas
786 3257 1049 3316 Octobris
1084 3254 1322 3332 ingressi
1355 3261 1487 3312 sunt
1521 3250 1836 3308 litterarum
1867 3241 2140 3321 magistri.
