2240 3546
533 234 806 272 msromAE
846 233 1169 273 socmTAT1s
1213 237 1362 277 JEsU.
1638 220 1716 278 95

153 346 321 394 tatem
346 337 642 394 admittere
662 335 850 413 palam
874 335 1115 409 distulit,
1134 339 1542 414 expectandum
1564 351 1716 400 ratus

149 439 448 514 tantisper,
493 438 672 494 donec
720 437 793 494 ad
827 457 945 494 rem
997 439 1400 495 conficiendam
1451 445 1716 518 temporis

147 539 438 596 maturitas
481 539 723 596 adesset.
766 538 913 596 Alios
950 541 1159 597 interea
1190 541 1336 598 bene
1366 541 1573 599 multos
1610 542 1714 598 So—

145 640 327 696 cietati
365 640 696 717 adscripsit,
742 642 1095 718 potissimum
1134 643 1190 698 in
1225 642 1536 715 Lusitania,
1586 662 1713 718 quae

144 743 324 818 prima
347 743 600 799 omnium
625 743 930 800 Provinciae
952 763 1158 801 nomen
1180 743 1286 800 hoc
1308 763 1454 800 anno
1477 745 1708 820 accepit.

223 843 305 901 Ex
348 864 411 901 ea
452 845 607 902 missi
657 853 790 902 sunt
837 846 1121 921 adjutores
1171 846 1354 922 operis
1405 843 1718 921 Evangelici

141 945 214 1002 ad
257 947 594 1020 Xaverium,
645 949 743 1024 qui
793 947 1074 1020 stabilita,
1127 956 1183 1004 et
1232 947 1569 1024 amplificata
1617 965 1719 1023 per

141 1067 296 1105 oram
336 1049 764 1123 Malabaricam,
821 1050 1271 1127 promontorium
1316 1049 1713 1120 Comorinum,

142 1158 198 1206 et
250 1150 420 1207 Oram
470 1151 804 1225 Piscariam,
867 1152 1072 1211 Christi
1120 1152 1286 1225 Fide,
1341 1153 1413 1209 ad
1461 1150 1716 1209 eamdem

140 1272 241 1329 per
269 1253 481 1312 insulas
513 1256 680 1312 maris
712 1254 936 1313 Asiatici
966 1253 1419 1332 propagandam,
1452 1252 1720 1330 peculiari

141 1354 400 1413 Numinis
458 1357 728 1414 instinctu
778 1357 1108 1414 vocabatur.
1150 1356 1363 1413 Malaca
1413 1356 1579 1413 solvit
1623 1376 1720 1412 ca-

139 1452 321 1512 lendis
364 1456 644 1515 Januariis
702 1459 835 1513 anni
892 1477 1152 1530 MDXLVI,
1199 1458 1450 1515 Molucas
1498 1467 1714 1534 petens.

137 1554 399 1630 Magister
425 1558 582 1614 navis
613 1557 914 1614 Lusitanus
952 1566 1104 1628 erat,
1139 1568 1381 1615 rectores
1412 1567 1469 1615 et
1497 1568 1716 1632 nautae,

135 1673 265 1730 pars
329 1654 744 1730 Mahometani,
808 1676 937 1734 pars
1000 1657 1242 1716 Ethnici.
1315 1661 1469 1731 Quos
1527 1680 1720 1720 omnes

75 1762 77 1764 ’
138 1755 466 1815 Franciscus
523 1758 744 1816 Christo
798 1758 1049 1816 lucratus
1099 1768 1183 1817 est
1240 1760 1294 1816 in
1345 1761 1469 1838 ipso
1526 1783 1715 1821 cursa.

137 1860 437 1917 Veritatem
491 1860 840 1938 Evangelicae
898 1861 1168 1917 doctrinae
1213 1863 1273 1918 id
1321 1864 1562 1921 maxime
1609 1864 1721 1923 illis

137 1961 446 2037 persuasit,
509 1960 696 2037 quod,
743 1981 873 2018 cum
923 1974 1109 2021 essent
1159 1967 1346 2023 cuncti
1401 1987 1432 2024 e
1487 1967 1720 2028 diversis

136 2063 362 2120 oriundi
405 2064 763 2140 regionibUS,
821 2084 925 2122 nec
975 2084 1230 2123 sermone
1271 2069 1495 2140 minus,
1544 2091 1717 2147 quam

137 2164 393 2222 moribus
421 2185 486 2221 ac
517 2165 888 2242 religionibus
907 2211 921 2239 ,
960 2167 1343 2245 discrepantes
1364 2215 1378 2243 ,
1412 2172 1716 2229 Xaverium

135 2265 501 2324 nihilominus
525 2265 817 2324 docentem
845 2267 923 2325 sic
949 2267 1339 2346 intelligebant
1362 2316 1376 2343 ,
1402 2281 1466 2328 ut
1499 2274 1544 2330 si
1579 2293 1715 2350 pro-

136 2368 258 2444 prio
283 2368 634 2444 singulorum
659 2389 915 2428 sermone
938 2391 1074 2430 usus
1090 2382 1254 2431 esset.
1284 2372 1538 2451 Appulsa
1561 2378 1716 2434 navis

136 2478 221 2527 est
241 2468 604 2528 Amboinam.
642 2472 779 2530 Haec
802 2474 972 2531 distat
994 2475 1207 2533 Malaca
1237 2476 1413 2533 millia
1442 2496 1715 2554 passuum

135 2571 380 2648 amplius
410 2582 692 2649 nongenta
730 2595 742 2630 :
787 2576 1070 2652 octoginta
1098 2598 1229 2635 vero
1265 2578 1441 2635 millia
1479 2580 1716 2637 circuitu

137 2672 368 2751 colligit.
409 2675 622 2731 Rerum
666 2677 1030 2753 potiebantur
1067 2678 1126 2733 in
1161 2698 1225 2735 ea
1268 2678 1539 2737 Lusitani.
1579 2680 1714 2756 Pagi

140 2773 583 2833 Christianorum
629 2787 844 2855 septem
894 2779 1372 2852 numerabantur,
1428 2781 1546 2838 sine
1595 2781 1714 2838 ullo

139 2876 452 2948 sacerdote,
501 2879 714 2957 quippe
771 2901 952 2954 unuS,
1019 2883 1119 2959 qui
1170 2891 1490 2958 supererat,
1542 2881 1713 2959 paulo

136 2987 265 3035 ante
307 2979 531 3036 Xaverii
577 2980 883 3040 adventum
928 2983 1164 3041 obierat.
1222 2983 1364 3041 Istos
1416 2982 1708 3040 confestim

138 3079 427 3139 circumire
448 3102 622 3159 pagos
646 3085 814 3160 coepit
834 3085 918 3141 vir
940 3084 1294 3163 Apostolicus
1311 3129 1325 3158 ,
1352 3105 1416 3142 ac
1438 3083 1712 3161 plurimos

137 3180 418 3257 baptismo
447 3183 706 3242 lustravit
736 3184 1008 3260 infantes,
1048 3207 1192 3263 quos
1221 3188 1382 3245 brevi
1412 3193 1710 3244 consecuta

1756 1063 1904 1106 Insulae
1930 1062 2052 1105 maris

1755 1127 1881 1172 Indici
1911 1130 2050 1171 excul-

1755 1204 1822 1239 tae.
