2240 3546
497 212 612 271 120
1154 234 1397 272 EPITOME

493 339 632 397 strui
661 358 808 396 anno
831 339 1115 417 Superiori
1147 349 1355 417 caepta,
1386 341 1500 399 suis
1529 340 1801 419 paulatim
1824 344 2071 401 numeris

492 441 895 499 absolvebatur
918 441 1313 499 Conimbricae.
1345 443 1512 520 Regis
1533 442 1925 500 liberalitatem
1948 462 2074 521 pro-

491 560 717 599 vocasse
760 541 938 599 fertur
974 541 1215 599 Simonis
1248 543 1528 601 Rodericii
1567 546 1743 604 virtus
1766 590 1780 619 .,
1818 546 2072 622 pecuniae

491 645 820 721 propriique
850 643 1130 700 commodi
1153 643 1449 720 splendide
1477 646 1785 723 negligens.
1816 646 1956 704 Ante
1977 645 2075 702 ali-

492 753 855 822 quot-annos,
885 764 1014 802 cum
1038 745 1085 802 is
1109 745 1180 802 de
1201 756 1439 822 angusta
1466 768 1527 804 re
1558 747 1816 806 familiari
1842 750 2076 827 Collegii

491 848 964 906 Conimbricensis
1013 847 1437 906 admonendum
1482 851 1693 927 Regem
1730 853 2072 924 censuisset,

487 949 779 1028 Princeps⁷
805 971 917 1028 qua
947 960 1066 1008 erat
1094 952 1266 1008 animi
1289 952 1704 1028 magnitudine,
1739 961 1795 1009 et
1815 953 1873 1008 in
1896 954 2077 1010 Socie-

488 1063 661 1112 tatem
681 1064 931 1112 nostram
954 1054 1347 1112 benevolentia
1363 1099 1377 1126 ,
1407 1054 1594 1112 statim
1617 1053 1700 1110 illi
1724 1064 1949 1111 centum
1981 1075 2077 1112 au-

486 1175 714 1214 reorum
743 1157 918 1214 millia
954 1158 1237 1215 numerari
1269 1158 1458 1234 jussit.
1497 1155 1826 1215 Roderieius
1856 1157 1971 1215 duo
2007 1157 2078 1214 de

487 1261 680 1338 viginti
728 1260 904 1317 millia
956 1254 1180 1318 sumere
1230 1269 1560 1332 contentus3
1609 1260 1884 1337 reliquam
1930 1281 2080 1319 sum—

486 1381 640 1418 mam
676 1363 842 1438 regiis
872 1361 1253 1439 quaestoribus
1291 1361 1559 1418 reddidit.
1597 1361 1717 1417 Sub
1750 1362 1873 1418 haec
1914 1363 2081 1440 trepi-

488 1463 600 1521 dus
657 1462 729 1521 de
786 1464 1100 1521 Turcarum
1151 1463 1429 1521 Gaditano
1478 1463 1621 1521 freto
1666 1464 2081 1523 imminentium

489 1563 739 1622 adventu
767 1586 963 1623 rumor
985 1567 1255 1624 manavit.
1291 1566 1449 1623 Illico
1486 1565 1559 1623 de
1593 1566 1914 1625 muniendis
1935 1568 2083 1624 arci-

489 1665 603 1725 bus
622 1712 637 1740 ,
663 1666 734 1724 de
755 1666 1030 1725 frenando
1053 1667 1236 1725 modis
1259 1668 1528 1725 omnibus
1549 1666 1799 1726 hostium
1823 1669 2041 1747 impetu
2062 1713 2077 1742 a

491 1767 906 1841 deliberatum,
950 1776 1008 1825 et
1051 1768 1370 1845 conquisita
1414 1789 1587 1845 quam
1637 1771 1779 1826 tanti
1822 1780 2083 1848 sumptus

488 1869 888 1949 postulabant7
922 1870 1183 1946 pecunia.
1215 1869 1362 1926 Tum
1395 1870 1584 1927 Simon
1616 1890 1681 1927 ea
1715 1871 1837 1947 ipsa
1871 1871 2084 1929 duode-

489 1973 694 2050 viginti
731 1991 1098 2029 nummorum
1150 1971 1327 2029 millia
1369 1974 1510 2051 Regi
1549 1974 1823 2048 restituit7
1867 1975 2085 2051 privata

488 2076 848 2133 incommoda
879 2074 1126 2154 publicis
1159 2076 1557 2154 posthabenda
1595 2077 1856 2134 dictitans
1878 2121 1892 2150 7
1925 2097 1990 2133 ac
2025 2096 2085 2135 se

490 2197 738 2255 suosque
775 2178 1065 2234 affirmans
1109 2196 1225 2233 non
1252 2177 1423 2234 modo
1466 2177 1541 2234 ad
1570 2179 1699 2234 vitae
1733 2198 1798 2234 ac
1825 2178 1905 2234 rei
1927 2177 2086 2234 fami-

489 2281 642 2339 liaris
686 2281 1007 2339 tolerandas
1049 2280 1368 2358 angustiaS,
1417 2278 1517 2336 sed
1567 2279 1639 2335 ad
1688 2280 1859 2336 vitam
1900 2280 2079 2357 ipsam

489 2384 627 2460 Regi
651 2402 941 2461 regnoque
971 2383 1357 2440 devovendam
1381 2382 1764 2459 paratissimos
1787 2401 1927 2439 esse.
1964 2383 2085 2439 Rex

491 2488 741 2544 oratione
769 2496 886 2543 tam
916 2505 1185 2564 generosa
1217 2484 1563 2558 delectatus7
1603 2504 1733 2541 cum
1759 2483 1973 2541 foenore
1993 2484 2084 2540 vi-

493 2608 615 2646 cem
648 2585 819 2665 paulo
842 2597 972 2666 post
993 2586 1246 2645 reddidit
1266 2633 1280 2661 7
1308 2608 1373 2645 ac
1400 2607 1604 2644 novam
1635 2585 1837 2662 regalis
1862 2584 2081 2662 collegii

489 2690 728 2765 molem⁷
756 2690 936 2748 multo
960 2712 1132 2769 quam
1169 2692 1290 2749 ausi
1321 2699 1506 2749 essent
1535 2698 1728 2766 optare
1751 2688 1943 2745 Patres
1967 2709 2082 2746 am-

489 2794 729 2873 pliorem
763 2793 1082 2852 aedificavit.
1126 2793 1485 2852 Domicilium
1525 2801 1713 2848 tamen
1756 2801 1916 2849 vetus
1953 2812 2081 2849 om-

489 2899 626 2955 nino
668 2899 1006 2956 destitutum
1050 2917 1165 2954 non
1207 2905 1325 2969 est7
1367 2915 1431 2951 ac
1465 2894 1565 2951 diu
1593 2894 1881 2970 geminum
1905 2894 2079 2952 veluti

494 3002 796 3079 collegium
850 3001 1228 3060 Conimbricae
1271 2990 1516 3055 Societas
1571 2995 1772 3053 habuit
1815 3018 1826 3052 :
1883 3007 2076 3071 vetus,

493 3103 651 3183 quod
673 3104 747 3162 ab
772 3104 913 3178 situ7
941 3104 1235 3181 superiu53
1269 3121 1479 3158 novum
1502 3145 1515 3173 7
1543 3100 1699 3177 quod
1731 3098 1965 3157 inferius
1986 3144 2000 3173 7
2025 3107 2081 3156 et

494 3207 714 3283 regium
737 3252 751 3281 7
798 3206 1127 3266 vocabatur.
1167 3203 1279 3263 Sed
1310 3223 1459 3262 anno
1493 3221 1694 3261 MDLXV
1730 3222 1859 3260 cum
1892 3200 2080 3260 Cardi-
