2240 3546
457 273 728 313 ms‘romffi
771 269 1091 308 soc1E'rAT1s
1135 273 1285 310 JESU.
1576 250 1654 308 65

97 376 441 455 aliquamdiu
474 376 533 431 in
584 373 956 430 obstinatione
993 372 1327 449 perstiterit,
1366 372 1435 428 ad
1472 384 1656 432 extre-

98 499 254 536 mum
311 488 498 533 tamen
556 495 756 532 manus
801 473 976 531 dedit.
1032 474 1331 544 Victorem,
1376 492 1544 548 quem
1593 495 1656 531 ea

96 579 397 655 disputatio
441 578 605 653 longe
645 577 867 653 lateque
909 574 1263 645 celebrabat,
1306 572 1655 630 Bobadillam

97 680 348 737 Nuncius
385 678 736 756 Apostolicus
773 677 1198 753 Norimbergam
1235 695 1423 733 secum
1459 675 1650 749 duxit,

92 778 164 835 ad
203 789 539 837 conventum
577 781 633 836 in
664 800 725 836 ea
761 779 904 836 urbe
935 778 1260 856 propediem
1290 776 1618 834 habendum
1638 823 1652 851 ,

89 880 149 936 in
199 899 313 956 quo
357 890 538 938 metus
583 890 729 953 erat,
782 901 853 937 ne
902 879 1042 956 quid
1095 888 1283 934 contra
1333 878 1656 955 religionem

87 981 502 1040 decerneretur.
539 984 735 1040 Totam
759 983 1034 1039 civitatem
1065 991 1427 1058 pervagatus,
1454 983 1655 1038 admo-

86 1084 273 1141 nendo
294 1086 600 1161 praesertim
626 1084 771 1142 clero
791 1094 846 1142 et
869 1083 1223 1140 cohortandis
1245 1083 1651 1157 sacerdotibUS,

85 1206 228 1263 quos
269 1187 440 1245 duces
497 1188 611 1245 fere
661 1187 908 1265 populus
969 1187 1244 1263 sequitur,
1297 1186 1654 1244 vehementer

85 1287 455 1345 Christianam
505 1309 622 1346 rem
658 1289 824 1366 juvit.
883 1288 1133 1346 Instabat
1168 1287 1306 1344 alter
1348 1297 1653 1346 conventus

83 1387 277 1465 Spirae.
319 1389 627 1465 Episcopus
666 1389 1067 1461 PassaviensiS,
1101 1409 1270 1465 quem
1304 1390 1421 1445 Rex
1458 1389 1654 1446 Ferdi-

85 1489 307 1547 nandus
371 1509 436 1545 eo
496 1490 754 1558 miserat,
828 1491 1087 1544 comitem
1139 1488 1247 1544 sibi
1304 1489 1654 1547 Bobadillam

82 1588 350 1660 adscivit,
377 1588 588 1663 quippe
613 1586 895 1644 catholicis
916 1591 1077 1663 juxta
1101 1596 1156 1644 et
1175 1587 1651 1664 ProtestantibuS,

83 1688 230 1745 bene
254 1697 472 1745 notum.
503 1688 670 1764 Spem
693 1687 949 1765 praesulis
971 1707 1085 1743 non
1107 1688 1326 1763 fefellit,
1351 1710 1416 1747 ac
1437 1691 1656 1749 solertia

81 1789 408 1866 consiliique
447 1788 762 1862 celeritate,
815 1809 1018 1868 magno
1069 1790 1316 1867 publicae
1355 1793 1435 1849 rei
1486 1793 1652 1870 adju-

78 1902 269 1950 mento
309 1892 436 1950 fuit.
476 1892 608 1949 Mox
644 1912 675 1949 e
703 1892 949 1969 Spirensi
973 1892 1266 1950 Conventu
1293 1893 1646 1968 Passavium,

80 1992 354 2070 Episcopo
376 1994 673 2065 invitante,
700 1992 992 2051 discedens
1009 2037 1023 2066 ,
1049 1995 1365 2053 universam
1394 1994 1650 2054 lustravit

81 2094 375 2151 Dioecesim
397 2140 411 2168 ,
456 2105 511 2152 et
550 2094 791 2172 plurima
827 2094 919 2171 pie
968 2093 1290 2172 utiliterque
1338 2098 1646 2156 constituit.

84 2196 355 2254 Viennam
385 2196 555 2274 paulo
591 2204 748 2273 post,
789 2213 902 2270 quo
932 2195 1319 2253 Ferdinandus
1353 2216 1411 2254 se
1447 2208 1651 2256 contu-

80 2299 222 2358 lerat
241 2344 255 2372 ,
280 2317 534 2357 reversus
551 2343 565 2370 ,
590 2306 794 2375 praeter
816 2296 1148 2353 concionum
1169 2294 1420 2370 labores,
1441 2299 1654 2356 curavit

83 2401 248 2457 etiam
279 2409 566 2476 pastorum
588 2443 602 2470 ,
644 2398 1053 2474 doctorumque
1086 2416 1268 2455 mores
1302 2398 1375 2454 ad
1411 2408 1650 2458 veterem

1742 686 1944 728 Bobadilla

1689 751 1982 805 Norimbergae‚

1778 1302 1902 1355 Spirae
1915 1335 1926 1355 ‚

1742 1925 1912 1966 Passavii
1925 1959 1936 1978 ,

1764 2210 1930 2255 Viennae

82 2500 341 2558 Ecclesiae
372 2499 723 2576 disciplinam
754 2500 1095 2559 revocandos
1125 2523 1136 2558 :
1164 2510 1505 2578 rogatusque
1533 2523 1655 2580 per-
1719 2549 1737 2555 κ

82 2621 232 2678 saepe
282 2622 313 2658 a
363 2602 514 2677 Rege
574 2602 902 2658 sententiam
960 2601 1031 2658 de
1090 2602 1261 2660 rebus
1311 2603 1465 2660 Fidei
1523 2624 1653 2680 gra-

83 2703 358 2774 vissimis,
404 2721 518 2758 non
560 2703 761 2758 minori
802 2702 1094 2775 libertate,
1135 2725 1305 2781 quam
1342 2706 1653 2765 eruditione

83 2803 392 2879 respondit.
451 2804 721 2868 Invitatus
779 2804 851 2861 ab
920 2804 1118 2861 eodem
1173 2807 1526 2866 Ferdinando
1580 2810 1651 2867 ad

83 2903 410 2960 Wormatiae
435 2915 774 2962 conventum
790 2951 804 2980 ,
831 2916 885 2963 et
906 2907 1131 2964 nomine
1152 2908 1436 2968 Pontificis
1458 2911 1651 2969 adesse

74 3008 266 3081 jussus
289 3052 303 3079 ,
339 3007 640 3064 advolavit.
676 3008 753 3065 Eo
778 3011 920 3069 vires
950 3030 1142 3069 omnes
1169 3013 1228 3068 in
1257 3012 1366 3071 illis
1389 3014 1652 3070 Worma-

88 3108 358 3167 tiensibus
381 3111 637 3184 comitiis,
659 3121 714 3167 et
735 3112 959 3170 consilia
981 3112 1297 3171 referebant
1317 3113 1617 3171 Lutherani
1633 3157 1648 3186 ,

81 3217 145 3265 ut
195 3209 506 3268 Concilium
555 3211 844 3289 quoddam
896 3214 1288 3273 Germanicum
1336 3223 1646 3291 cogeretur,

344 3312 508 3370 Tom.
558 3312 611 3370 I.
1368 3315 1403 3371 6

1685 2838 1724 2873 et
1746 2835 1980 2878 Wormatiae

1711 2897 1753 2939 in
1774 2901 1969 2942 comitiis.
