<?xml version="1.0" encoding="UTF-8"?>
<!DOCTYPE html PUBLIC "-//W3C//DTD XHTML 1.0 Transitional//EN"
    "http://www.w3.org/TR/xhtml1/DTD/xhtml1-transitional.dtd">
<html xmlns="http://www.w3.org/1999/xhtml" xml:lang="en" lang="en">
 <head>
  <title>
</title>
<meta http-equiv="Content-Type" content="text/html;charset=utf-8" />
  <meta name='ocr-system' content='tesseract 3.04.00' />
  <meta name='ocr-capabilities' content='ocr_page ocr_carea ocr_par ocr_line ocrx_word'/>
</head>
<body>
  <div class='ocr_page' id='page_1' title='image "./epitomehistoriso01jouv_0275.png"; bbox 0 0 2240 3546; ppageno 0'>
   <div class='ocr_carea' id='block_1_1' title="bbox 499 218 1698 278">
    <p class='ocr_par' dir='ltr' id='par_1_1' title="bbox 499 218 1698 278">
     <span class='ocr_line' id='line_1_1' title="bbox 499 218 1698 278; baseline 0.01 -12"><span class='ocrx_word' id='word_1_1' title='bbox 499 231 770 267; x_wconf 63' lang='lat' dir='ltr'>ms&#39;roma:</span> <span class='ocrx_word' id='word_1_2' title='bbox 816 229 1135 268; x_wconf 67' lang='lat' dir='ltr'>socnzTATrs</span> <span class='ocrx_word' id='word_1_3' title='bbox 1178 235 1327 273; x_wconf 78' lang='lat' dir='ltr'>JESU.</span> <span class='ocrx_word' id='word_1_4' title='bbox 1579 218 1698 278; x_wconf 68' lang='grc'>259</span> 
     </span>
    </p>
   </div>
   <div class='ocr_carea' id='block_1_2' title="bbox 117 328 1701 3256">
    <p class='ocr_par' dir='ltr' id='par_1_2' title="bbox 117 328 1701 3256">
     <span class='ocr_line' id='line_1_2' title="bbox 139 328 1701 418; baseline 0.011 -36"><span class='ocrx_word' id='word_1_5' title='bbox 139 335 322 400; x_wconf 87' lang='lat' dir='ltr'>retur,</span> <span class='ocrx_word' id='word_1_6' title='bbox 352 338 406 385; x_wconf 90' lang='lat' dir='ltr'>et</span> <span class='ocrx_word' id='word_1_7' title='bbox 429 328 652 386; x_wconf 81' lang='lat' dir='ltr'>doleat?</span> <span class='ocrx_word' id='word_1_8' title='bbox 681 329 746 387; x_wconf 89' lang='lat' dir='ltr'>P.</span> <span class='ocrx_word' id='word_1_9' title='bbox 780 330 1156 392; x_wconf 82' lang='lat' dir='ltr'>Emmanuelis</span> <span class='ocrx_word' id='word_1_10' title='bbox 1187 335 1490 395; x_wconf 89' lang='lat' dir='ltr'>Fernandis</span> <span class='ocrx_word' id='word_1_11' title='bbox 1520 342 1701 418; x_wconf 90' lang='lat' dir='ltr'>splen-</span> 
     </span>
     <span class='ocr_line' id='line_1_3' title="bbox 139 427 1694 516; baseline 0.01 -33"><span class='ocrx_word' id='word_1_12' title='bbox 139 427 288 484; x_wconf 83' lang='lat' dir='ltr'>didae</span> <span class='ocrx_word' id='word_1_13' title='bbox 310 430 600 488; x_wconf 83' lang='lat' dir='ltr'>conciones</span> <span class='ocrx_word' id='word_1_14' title='bbox 623 451 686 487; x_wconf 90' lang='lat' dir='ltr'>ac</span> <span class='ocrx_word' id='word_1_15' title='bbox 714 431 895 508; x_wconf 87' lang='lat' dir='ltr'>plenae</span> <span class='ocrx_word' id='word_1_16' title='bbox 920 434 1102 490; x_wconf 83' lang='lat' dir='ltr'>Divini</span> <span class='ocrx_word' id='word_1_17' title='bbox 1129 437 1420 513; x_wconf 85' lang='lat' dir='ltr'>cujusdam</span> <span class='ocrx_word' id='word_1_18' title='bbox 1451 440 1663 500; x_wconf 87' lang='lat' dir='ltr'>ardoris</span> <span class='ocrx_word' id='word_1_19' title='bbox 1680 488 1694 516; x_wconf 93' lang='lat'>,</span> 
     </span>
     <span class='ocr_line' id='line_1_4' title="bbox 135 528 1701 614; baseline 0.01 -30"><span class='ocrx_word' id='word_1_20' title='bbox 135 528 216 585; x_wconf 90' lang='lat' dir='ltr'>illi</span> <span class='ocrx_word' id='word_1_21' title='bbox 257 539 477 586; x_wconf 86' lang='lat' dir='ltr'>tantum</span> <span class='ocrx_word' id='word_1_22' title='bbox 521 531 907 609; x_wconf 84' lang='lat' dir='ltr'>improborum</span> <span class='ocrx_word' id='word_1_23' title='bbox 946 534 1139 592; x_wconf 91' lang='lat' dir='ltr'>odium</span> <span class='ocrx_word' id='word_1_24' title='bbox 1185 538 1591 614; x_wconf 72' lang='lat' dir='ltr'>conflaverant,</span> <span class='ocrx_word' id='word_1_25' title='bbox 1636 553 1701 600; x_wconf 88' lang='lat' dir='ltr'>ut</span> 
     </span>
     <span class='ocr_line' id='line_1_5' title="bbox 133 629 1699 719; baseline 0.009 -34"><span class='ocrx_word' id='word_1_26' title='bbox 133 629 206 686; x_wconf 89' lang='lat' dir='ltr'>de</span> <span class='ocrx_word' id='word_1_27' title='bbox 234 630 520 707; x_wconf 89' lang='lat' dir='ltr'>perdendo</span> <span class='ocrx_word' id='word_1_28' title='bbox 559 635 943 692; x_wconf 83' lang='lat' dir='ltr'>concionatore</span> <span class='ocrx_word' id='word_1_29' title='bbox 974 639 1401 714; x_wconf 80' lang='lat' dir='ltr'>conjuraverint.</span> <span class='ocrx_word' id='word_1_30' title='bbox 1436 640 1578 717; x_wconf 77' lang='lat' dir='ltr'>Ergo</span> <span class='ocrx_word' id='word_1_31' title='bbox 1605 663 1699 719; x_wconf 91' lang='lat' dir='ltr'>pa-</span> 
     </span>
     <span class='ocr_line' id='line_1_6' title="bbox 132 733 1692 819; baseline 0.009 -33"><span class='ocrx_word' id='word_1_32' title='bbox 132 739 257 787; x_wconf 89' lang='lat' dir='ltr'>rant</span> <span class='ocrx_word' id='word_1_33' title='bbox 300 733 554 807; x_wconf 83' lang='lat' dir='ltr'>sicarios,</span> <span class='ocrx_word' id='word_1_34' title='bbox 602 737 699 812; x_wconf 89' lang='lat' dir='ltr'>qui</span> <span class='ocrx_word' id='word_1_35' title='bbox 741 737 1068 794; x_wconf 85' lang='lat' dir='ltr'>redeuntem</span> <span class='ocrx_word' id='word_1_36' title='bbox 1112 738 1350 796; x_wconf 86' lang='lat' dir='ltr'>Eboram</span> <span class='ocrx_word' id='word_1_37' title='bbox 1397 742 1692 819; x_wconf 82' lang='lat' dir='ltr'>excipiant.</span> 
     </span>
     <span class='ocr_line' id='line_1_7' title="bbox 131 831 1692 917; baseline 0.008 -30"><span class='ocrx_word' id='word_1_38' title='bbox 131 831 359 889; x_wconf 89' lang='lat' dir='ltr'>Irruunt</span> <span class='ocrx_word' id='word_1_39' title='bbox 403 854 470 891; x_wconf 84' lang='lat' dir='ltr'>ex</span> <span class='ocrx_word' id='word_1_40' title='bbox 522 837 851 914; x_wconf 72' lang='lat' dir='ltr'>improviSO,</span> <span class='ocrx_word' id='word_1_41' title='bbox 893 838 1193 915; x_wconf 86' lang='lat' dir='ltr'>dejiciunt,</span> <span class='ocrx_word' id='word_1_42' title='bbox 1239 859 1303 896; x_wconf 91' lang='lat' dir='ltr'>ac</span> <span class='ocrx_word' id='word_1_43' title='bbox 1338 842 1692 917; x_wconf 67' lang='lat' dir='ltr'>proculcant,</span> 
     </span>
     <span class='ocr_line' id='line_1_8' title="bbox 128 937 1696 1020; baseline 0.007 -29"><span class='ocrx_word' id='word_1_44' title='bbox 128 943 252 992; x_wconf 90' lang='lat' dir='ltr'>tum</span> <span class='ocrx_word' id='word_1_45' title='bbox 296 937 567 1013; x_wconf 82' lang='lat' dir='ltr'>explicata</span> <span class='ocrx_word' id='word_1_46' title='bbox 609 940 758 996; x_wconf 90' lang='lat' dir='ltr'>necis</span> <span class='ocrx_word' id='word_1_47' title='bbox 795 959 989 1011; x_wconf 79' lang='lat' dir='ltr'>causa,</span> <span class='ocrx_word' id='word_1_48' title='bbox 1040 961 1242 1018; x_wconf 89' lang='lat' dir='ltr'>nempe</span> <span class='ocrx_word' id='word_1_49' title='bbox 1286 944 1439 1020; x_wconf 88' lang='lat' dir='ltr'>quod</span> <span class='ocrx_word' id='word_1_50' title='bbox 1487 944 1696 1002; x_wconf 89' lang='lat' dir='ltr'>nefario</span> 
     </span>
     <span class='ocr_line' id='line_1_9' title="bbox 127 1039 1696 1123; baseline 0.008 -30"><span class='ocrx_word' id='word_1_51' title='bbox 127 1040 357 1094; x_wconf 86' lang='lat' dir='ltr'>amatori</span> <span class='ocrx_word' id='word_1_52' title='bbox 413 1039 669 1116; x_wconf 86' lang='lat' dir='ltr'>pellicem</span> <span class='ocrx_word' id='word_1_53' title='bbox 714 1043 1040 1119; x_wconf 83' lang='lat' dir='ltr'>eripuisset,</span> <span class='ocrx_word' id='word_1_54' title='bbox 1095 1045 1400 1123; x_wconf 87' lang='lat' dir='ltr'>expediunt</span> <span class='ocrx_word' id='word_1_55' title='bbox 1448 1048 1696 1106; x_wconf 88' lang='lat' dir='ltr'>sacculos</span> 
     </span>
     <span class='ocr_line' id='line_1_10' title="bbox 127 1139 1693 1225; baseline 0.007 -30"><span class='ocrx_word' id='word_1_56' title='bbox 127 1157 292 1196; x_wconf 84' lang='lat' dir='ltr'>arena</span> <span class='ocrx_word' id='word_1_57' title='bbox 323 1139 517 1214; x_wconf 86' lang='lat' dir='ltr'>fartos,</span> <span class='ocrx_word' id='word_1_58' title='bbox 550 1142 761 1218; x_wconf 89' lang='lat' dir='ltr'>quibus</span> <span class='ocrx_word' id='word_1_59' title='bbox 783 1143 864 1199; x_wconf 89' lang='lat' dir='ltr'>illi</span> <span class='ocrx_word' id='word_1_60' title='bbox 895 1155 1089 1222; x_wconf 88' lang='lat' dir='ltr'>pectus</span> <span class='ocrx_word' id='word_1_61' title='bbox 1121 1157 1178 1204; x_wconf 85' lang='lat' dir='ltr'>et</span> <span class='ocrx_word' id='word_1_62' title='bbox 1206 1157 1374 1225; x_wconf 90' lang='lat' dir='ltr'>caput</span> <span class='ocrx_word' id='word_1_63' title='bbox 1402 1149 1693 1221; x_wconf 88' lang='lat' dir='ltr'>obterunt,</span> 
     </span>
     <span class='ocr_line' id='line_1_11' title="bbox 125 1242 1697 1326; baseline 0.007 -30"><span class='ocrx_word' id='word_1_64' title='bbox 125 1242 649 1320; x_wconf 88' lang='lat' dir='ltr'>comminuuntque.</span> <span class='ocrx_word' id='word_1_65' title='bbox 698 1245 968 1302; x_wconf 80' lang='lat' dir='ltr'>Restabat</span> <span class='ocrx_word' id='word_1_66' title='bbox 1013 1247 1200 1304; x_wconf 89' lang='lat' dir='ltr'>adhuc</span> <span class='ocrx_word' id='word_1_67' title='bbox 1234 1249 1474 1306; x_wconf 89' lang='lat' dir='ltr'>animam</span> <span class='ocrx_word' id='word_1_68' title='bbox 1511 1252 1697 1326; x_wconf 78' lang='lat' dir='ltr'>agenti</span> 
     </span>
     <span class='ocr_line' id='line_1_12' title="bbox 123 1341 1698 1428; baseline 0.006 -30"><span class='ocrx_word' id='word_1_69' title='bbox 123 1341 389 1419; x_wconf 75' lang='lat' dir='ltr'>languida</span> <span class='ocrx_word' id='word_1_70' title='bbox 413 1365 541 1418; x_wconf 79' lang='lat' dir='ltr'>vox,</span> <span class='ocrx_word' id='word_1_71' title='bbox 568 1366 630 1403; x_wconf 88' lang='lat' dir='ltr'>ea</span> <span class='ocrx_word' id='word_1_72' title='bbox 654 1367 1007 1424; x_wconf 84' lang='lat' dir='ltr'>percussores</span> <span class='ocrx_word' id='word_1_73' title='bbox 1039 1348 1294 1406; x_wconf 86' lang='lat' dir='ltr'>hortatur</span> <span class='ocrx_word' id='word_1_74' title='bbox 1326 1350 1397 1406; x_wconf 88' lang='lat' dir='ltr'>ad</span> <span class='ocrx_word' id='word_1_75' title='bbox 1428 1352 1698 1428; x_wconf 86' lang='lat' dir='ltr'>poeniten-</span> 
     </span>
     <span class='ocr_line' id='line_1_13' title="bbox 124 1444 1691 1527; baseline 0.007 -28"><span class='ocrx_word' id='word_1_76' title='bbox 124 1444 280 1517; x_wconf 89' lang='lat' dir='ltr'>tiam,</span> <span class='ocrx_word' id='word_1_77' title='bbox 306 1448 522 1503; x_wconf 83' lang='lat' dir='ltr'>veniam</span> <span class='ocrx_word' id='word_1_78' title='bbox 550 1447 769 1506; x_wconf 84' lang='lat' dir='ltr'>sceleris</span> <span class='ocrx_word' id='word_1_79' title='bbox 794 1449 852 1505; x_wconf 86' lang='lat' dir='ltr'>in</span> <span class='ocrx_word' id='word_1_80' title='bbox 875 1468 933 1507; x_wconf 84' lang='lat' dir='ltr'>se</span> <span class='ocrx_word' id='word_1_81' title='bbox 958 1451 1235 1508; x_wconf 89' lang='lat' dir='ltr'>commissi</span> <span class='ocrx_word' id='word_1_82' title='bbox 1259 1451 1444 1523; x_wconf 85' lang='lat' dir='ltr'>offert,</span> <span class='ocrx_word' id='word_1_83' title='bbox 1471 1453 1691 1527; x_wconf 76' lang='lat' dir='ltr'>invitat,</span> 
     </span>
     <span class='ocr_line' id='line_1_14' title="bbox 121 1543 1696 1625; baseline 0.008 -24"><span class='ocrx_word' id='word_1_84' title='bbox 121 1543 569 1625; x_wconf 84' lang='lat' dir='ltr'>obtestaturque.</span> <span class='ocrx_word' id='word_1_85' title='bbox 597 1550 878 1607; x_wconf 81' lang='lat' dir='ltr'>Permovit</span> <span class='ocrx_word' id='word_1_86' title='bbox 901 1572 1079 1609; x_wconf 91' lang='lat' dir='ltr'>unum</span> <span class='ocrx_word' id='word_1_87' title='bbox 1103 1573 1169 1609; x_wconf 85' lang='lat' dir='ltr'>ex</span> <span class='ocrx_word' id='word_1_88' title='bbox 1191 1552 1299 1611; x_wconf 86' lang='lat' dir='ltr'>illis</span> <span class='ocrx_word' id='word_1_89' title='bbox 1331 1563 1499 1610; x_wconf 77' lang='lat' dir='ltr'>tantae</span> <span class='ocrx_word' id='word_1_90' title='bbox 1522 1555 1696 1614; x_wconf 90' lang='lat' dir='ltr'>chari-</span> 
     </span>
     <span class='ocr_line' id='line_1_15' title="bbox 120 1647 1692 1734; baseline 0.008 -32"><span class='ocrx_word' id='word_1_91' title='bbox 120 1647 249 1704; x_wconf 83' lang='lat' dir='ltr'>tatis</span> <span class='ocrx_word' id='word_1_92' title='bbox 272 1648 587 1721; x_wconf 73' lang='lat' dir='ltr'>admiratiO,</span> <span class='ocrx_word' id='word_1_93' title='bbox 616 1651 808 1728; x_wconf 86' lang='lat' dir='ltr'>abjicit</span> <span class='ocrx_word' id='word_1_94' title='bbox 831 1672 890 1710; x_wconf 88' lang='lat' dir='ltr'>se</span> <span class='ocrx_word' id='word_1_95' title='bbox 911 1653 1070 1710; x_wconf 90' lang='lat' dir='ltr'>humi</span> <span class='ocrx_word' id='word_1_96' title='bbox 1093 1655 1166 1710; x_wconf 89' lang='lat' dir='ltr'>ad</span> <span class='ocrx_word' id='word_1_97' title='bbox 1188 1657 1475 1714; x_wconf 91' lang='lat' dir='ltr'>morientis</span> <span class='ocrx_word' id='word_1_98' title='bbox 1495 1658 1692 1734; x_wconf 81' lang='lat' dir='ltr'>pedes,</span> 
     </span>
     <span class='ocr_line' id='line_1_16' title="bbox 119 1750 1696 1829; baseline 0.006 -23"><span class='ocrx_word' id='word_1_99' title='bbox 119 1750 416 1806; x_wconf 89' lang='lat' dir='ltr'>confitetur</span> <span class='ocrx_word' id='word_1_100' title='bbox 446 1750 650 1822; x_wconf 82' lang='lat' dir='ltr'>scelus,</span> <span class='ocrx_word' id='word_1_101' title='bbox 685 1761 740 1807; x_wconf 89' lang='lat' dir='ltr'>et</span> <span class='ocrx_word' id='word_1_102' title='bbox 767 1755 926 1809; x_wconf 82' lang='lat' dir='ltr'>venia</span> <span class='ocrx_word' id='word_1_103' title='bbox 949 1754 1163 1829; x_wconf 85' lang='lat' dir='ltr'>prolixe</span> <span class='ocrx_word' id='word_1_104' title='bbox 1195 1755 1465 1829; x_wconf 85' lang='lat' dir='ltr'>donatus,</span> <span class='ocrx_word' id='word_1_105' title='bbox 1493 1757 1696 1815; x_wconf 84' lang='lat' dir='ltr'>allevat</span> 
     </span>
     <span class='ocr_line' id='line_1_17' title="bbox 117 1850 1690 1931; baseline 0.004 -24"><span class='ocrx_word' id='word_1_106' title='bbox 117 1850 475 1923; x_wconf 86' lang='lat' dir='ltr'>seminecem,</span> <span class='ocrx_word' id='word_1_107' title='bbox 503 1860 673 1926; x_wconf 89' lang='lat' dir='ltr'>atque</span> <span class='ocrx_word' id='word_1_108' title='bbox 695 1852 753 1907; x_wconf 88' lang='lat' dir='ltr'>in</span> <span class='ocrx_word' id='word_1_109' title='bbox 777 1852 1074 1928; x_wconf 79' lang='lat' dir='ltr'>collegium</span> <span class='ocrx_word' id='word_1_110' title='bbox 1102 1854 1362 1931; x_wconf 86' lang='lat' dir='ltr'>deportat</span> <span class='ocrx_word' id='word_1_111' title='bbox 1385 1857 1690 1931; x_wconf 85' lang='lat' dir='ltr'>Eborense,</span> 
     </span>
     <span class='ocr_line' id='line_1_18' title="bbox 117 1950 1695 2029; baseline 0.006 -21"><span class='ocrx_word' id='word_1_112' title='bbox 117 1950 219 2008; x_wconf 89' lang='lat' dir='ltr'>ubi</span> <span class='ocrx_word' id='word_1_113' title='bbox 249 1952 443 2028; x_wconf 88' lang='lat' dir='ltr'>paucis</span> <span class='ocrx_word' id='word_1_114' title='bbox 483 1962 612 2029; x_wconf 85' lang='lat' dir='ltr'>post</span> <span class='ocrx_word' id='word_1_115' title='bbox 653 1953 856 2012; x_wconf 89' lang='lat' dir='ltr'>diebus</span> <span class='ocrx_word' id='word_1_116' title='bbox 902 1955 1139 2027; x_wconf 86' lang='lat' dir='ltr'>interiit,</span> <span class='ocrx_word' id='word_1_117' title='bbox 1172 1955 1330 2011; x_wconf 89' lang='lat' dir='ltr'>nullo</span> <span class='ocrx_word' id='word_1_118' title='bbox 1373 1955 1443 2013; x_wconf 89' lang='lat' dir='ltr'>de</span> <span class='ocrx_word' id='word_1_119' title='bbox 1487 1957 1695 2017; x_wconf 87' lang='lat' dir='ltr'>sicariis</span> 
     </span>
     <span class='ocr_line' id='line_1_19' title="bbox 117 2053 1691 2133; baseline 0.004 -24"><span class='ocrx_word' id='word_1_120' title='bbox 117 2053 323 2110; x_wconf 91' lang='lat' dir='ltr'>indicio</span> <span class='ocrx_word' id='word_1_121' title='bbox 354 2074 418 2110; x_wconf 88' lang='lat' dir='ltr'>ac</span> <span class='ocrx_word' id='word_1_122' title='bbox 446 2074 516 2111; x_wconf 90' lang='lat' dir='ltr'>ne</span> <span class='ocrx_word' id='word_1_123' title='bbox 546 2055 862 2132; x_wconf 88' lang='lat' dir='ltr'>suspicione</span> <span class='ocrx_word' id='word_1_124' title='bbox 904 2055 1136 2132; x_wconf 89' lang='lat' dir='ltr'>quidem</span> <span class='ocrx_word' id='word_1_125' title='bbox 1170 2055 1336 2113; x_wconf 87' lang='lat' dir='ltr'>facta.</span> <span class='ocrx_word' id='word_1_126' title='bbox 1377 2057 1536 2115; x_wconf 89' lang='lat' dir='ltr'>Unus</span> <span class='ocrx_word' id='word_1_127' title='bbox 1566 2058 1691 2133; x_wconf 84' lang='lat' dir='ltr'>ille,</span> 
     </span>
     <span class='ocr_line' id='line_1_20' title="bbox 119 2155 1695 2233; baseline 0.004 -23"><span class='ocrx_word' id='word_1_128' title='bbox 119 2155 219 2230; x_wconf 90' lang='lat' dir='ltr'>qui</span> <span class='ocrx_word' id='word_1_129' title='bbox 257 2155 425 2211; x_wconf 85' lang='lat' dir='ltr'>vitam</span> <span class='ocrx_word' id='word_1_130' title='bbox 465 2156 573 2232; x_wconf 87' lang='lat' dir='ltr'>ipsi</span> <span class='ocrx_word' id='word_1_131' title='bbox 614 2165 670 2214; x_wconf 88' lang='lat' dir='ltr'>et</span> <span class='ocrx_word' id='word_1_132' title='bbox 712 2157 1028 2233; x_wconf 88' lang='lat' dir='ltr'>eripuerat,</span> <span class='ocrx_word' id='word_1_133' title='bbox 1070 2166 1125 2214; x_wconf 82' lang='lat' dir='ltr'>et</span> <span class='ocrx_word' id='word_1_134' title='bbox 1160 2157 1437 2231; x_wconf 86' lang='lat' dir='ltr'>debebat,</span> <span class='ocrx_word' id='word_1_135' title='bbox 1486 2160 1695 2217; x_wconf 88' lang='lat' dir='ltr'>crimen</span> 
     </span>
     <span class='ocr_line' id='line_1_21' title="bbox 117 2255 1694 2336; baseline 0.004 -25"><span class='ocrx_word' id='word_1_136' title='bbox 117 2272 284 2312; x_wconf 90' lang='lat' dir='ltr'>suum</span> <span class='ocrx_word' id='word_1_137' title='bbox 334 2276 397 2312; x_wconf 92' lang='lat' dir='ltr'>ac</span> <span class='ocrx_word' id='word_1_138' title='bbox 446 2255 624 2314; x_wconf 91' lang='lat' dir='ltr'>Patris</span> <span class='ocrx_word' id='word_1_139' title='bbox 676 2256 1014 2315; x_wconf 88' lang='lat' dir='ltr'>beneficium</span> <span class='ocrx_word' id='word_1_140' title='bbox 1068 2260 1308 2335; x_wconf 86' lang='lat' dir='ltr'>aperuit.</span> <span class='ocrx_word' id='word_1_141' title='bbox 1365 2259 1694 2336; x_wconf 78' lang='lat' dir='ltr'>Tingitanus</span> 
     </span>
     <span class='ocr_line' id='line_1_22' title="bbox 117 2358 1692 2437; baseline 0.004 -22"><span class='ocrx_word' id='word_1_142' title='bbox 117 2367 258 2431; x_wconf 87' lang='lat' dir='ltr'>erat,</span> <span class='ocrx_word' id='word_1_143' title='bbox 283 2358 340 2413; x_wconf 89' lang='lat' dir='ltr'>in</span> <span class='ocrx_word' id='word_1_144' title='bbox 363 2358 691 2416; x_wconf 89' lang='lat' dir='ltr'>Societatem</span> <span class='ocrx_word' id='word_1_145' title='bbox 714 2360 1030 2437; x_wconf 87' lang='lat' dir='ltr'>adscriptus</span> <span class='ocrx_word' id='word_1_146' title='bbox 1052 2381 1198 2418; x_wconf 89' lang='lat' dir='ltr'>anno</span> <span class='ocrx_word' id='word_1_147' title='bbox 1220 2381 1443 2418; x_wconf 82' lang='lat' dir='ltr'>MDXLII.</span> <span class='ocrx_word' id='word_1_148' title='bbox 1471 2362 1692 2421; x_wconf 90' lang='lat' dir='ltr'>Primus</span> 
     </span>
     <span class='ocr_line' id='line_1_23' title="bbox 118 2459 1693 2540; baseline 0.003 -24"><span class='ocrx_word' id='word_1_149' title='bbox 118 2478 150 2517; x_wconf 87' lang='lat' dir='ltr'>e</span> <span class='ocrx_word' id='word_1_150' title='bbox 172 2459 442 2517; x_wconf 78' lang='lat' dir='ltr'>Societate</span> <span class='ocrx_word' id='word_1_151' title='bbox 468 2462 749 2537; x_wconf 78' lang='lat' dir='ltr'>regionem</span> <span class='ocrx_word' id='word_1_152' title='bbox 789 2463 1226 2540; x_wconf 75' lang='lat' dir='ltr'>Transtaganam</span> <span class='ocrx_word' id='word_1_153' title='bbox 1258 2464 1530 2536; x_wconf 73' lang='lat' dir='ltr'>excoluit,</span> <span class='ocrx_word' id='word_1_154' title='bbox 1566 2484 1693 2521; x_wconf 90' lang='lat' dir='ltr'>cor-</span> 
     </span>
     <span class='ocr_line' id='line_1_24' title="bbox 117 2562 1694 2642; baseline 0.004 -26"><span class='ocrx_word' id='word_1_155' title='bbox 117 2570 310 2637; x_wconf 74' lang='lat' dir='ltr'>rogata</span> <span class='ocrx_word' id='word_1_156' title='bbox 340 2562 483 2639; x_wconf 86' lang='lat' dir='ltr'>stipe</span> <span class='ocrx_word' id='word_1_157' title='bbox 507 2562 789 2634; x_wconf 70' lang='lat' dir='ltr'>victitans,</span> <span class='ocrx_word' id='word_1_158' title='bbox 817 2564 1024 2640; x_wconf 91' lang='lat' dir='ltr'>oppida</span> <span class='ocrx_word' id='word_1_159' title='bbox 1048 2583 1335 2642; x_wconf 76' lang='lat' dir='ltr'>pagosque</span> <span class='ocrx_word' id='word_1_160' title='bbox 1358 2583 1694 2623; x_wconf 89' lang='lat' dir='ltr'>concursans</span> 
     </span>
     <span class='ocr_line' id='line_1_25' title="bbox 118 2661 1695 2742; baseline 0.003 -23"><span class='ocrx_word' id='word_1_161' title='bbox 118 2661 321 2739; x_wconf 82' lang='lat' dir='ltr'>pedes,</span> <span class='ocrx_word' id='word_1_162' title='bbox 362 2672 418 2720; x_wconf 84' lang='lat' dir='ltr'>et</span> <span class='ocrx_word' id='word_1_163' title='bbox 461 2682 524 2720; x_wconf 84' lang='lat' dir='ltr'>ea</span> <span class='ocrx_word' id='word_1_164' title='bbox 572 2664 783 2740; x_wconf 77' lang='lat' dir='ltr'>flagitia</span> <span class='ocrx_word' id='word_1_165' title='bbox 823 2664 1182 2738; x_wconf 79' lang='lat' dir='ltr'>exscindens,</span> <span class='ocrx_word' id='word_1_166' title='bbox 1229 2686 1356 2742; x_wconf 85' lang='lat' dir='ltr'>quae</span> <span class='ocrx_word' id='word_1_167' title='bbox 1405 2666 1695 2724; x_wconf 88' lang='lat' dir='ltr'>celeberri-</span> 
     </span>
     <span class='ocr_line' id='line_1_26' title="bbox 120 2765 1686 2848; baseline 0.006 -30"><span class='ocrx_word' id='word_1_168' title='bbox 120 2782 342 2820; x_wconf 90' lang='lat' dir='ltr'>morum</span> <span class='ocrx_word' id='word_1_169' title='bbox 382 2765 835 2824; x_wconf 87' lang='lat' dir='ltr'>concionatorum</span> <span class='ocrx_word' id='word_1_170' title='bbox 876 2768 1037 2826; x_wconf 87' lang='lat' dir='ltr'>labor</span> <span class='ocrx_word' id='word_1_171' title='bbox 1071 2769 1306 2828; x_wconf 80' lang='lat' dir='ltr'>evellere</span> <span class='ocrx_word' id='word_1_172' title='bbox 1340 2772 1686 2848; x_wconf 84' lang='lat' dir='ltr'>nequiverat.</span> 
     </span>
     <span class='ocr_line' id='line_1_27' title="bbox 120 2865 1693 2951; baseline 0.006 -30"><span class='ocrx_word' id='word_1_173' title='bbox 120 2865 415 2942; x_wconf 79' lang='lat' dir='ltr'>Permagni</span> <span class='ocrx_word' id='word_1_174' title='bbox 453 2867 625 2925; x_wconf 86' lang='lat' dir='ltr'>fiebat</span> <span class='ocrx_word' id='word_1_175' title='bbox 682 2890 713 2926; x_wconf 88' lang='lat' dir='ltr'>a</span> <span class='ocrx_word' id='word_1_176' title='bbox 763 2870 1169 2929; x_wconf 82' lang='lat' dir='ltr'>Bartholomaeo</span> <span class='ocrx_word' id='word_1_177' title='bbox 1222 2872 1292 2930; x_wconf 88' lang='lat' dir='ltr'>de</span> <span class='ocrx_word' id='word_1_178' title='bbox 1347 2872 1693 2951; x_wconf 84' lang='lat' dir='ltr'>Martyribus</span> 
     </span>
     <span class='ocr_line' id='line_1_28' title="bbox 121 2965 1693 3047; baseline 0.005 -25"><span class='ocrx_word' id='word_1_179' title='bbox 121 2965 551 3047; x_wconf 88' lang='lat' dir='ltr'>Archiepiscopo</span> <span class='ocrx_word' id='word_1_180' title='bbox 601 2970 952 3044; x_wconf 77' lang='lat' dir='ltr'>Bracarensi3</span> <span class='ocrx_word' id='word_1_181' title='bbox 1007 2993 1110 3031; x_wconf 89' lang='lat' dir='ltr'>nec</span> <span class='ocrx_word' id='word_1_182' title='bbox 1159 2993 1271 3031; x_wconf 91' lang='lat' dir='ltr'>non</span> <span class='ocrx_word' id='word_1_183' title='bbox 1320 2995 1351 3031; x_wconf 91' lang='lat' dir='ltr'>a</span> <span class='ocrx_word' id='word_1_184' title='bbox 1408 2974 1693 3031; x_wconf 85' lang='lat' dir='ltr'>Ludovico</span> 
     </span>
     <span class='ocr_line' id='line_1_29' title="bbox 124 3069 1693 3146; baseline 0.003 -22"><span class='ocrx_word' id='word_1_185' title='bbox 124 3069 480 3146; x_wconf 86' lang='lat' dir='ltr'>Granatensi,</span> <span class='ocrx_word' id='word_1_186' title='bbox 512 3074 889 3131; x_wconf 83' lang='lat' dir='ltr'>Dominicanae</span> <span class='ocrx_word' id='word_1_187' title='bbox 922 3074 1147 3132; x_wconf 72' lang='lat' dir='ltr'>familiae</span> <span class='ocrx_word' id='word_1_188' title='bbox 1181 3075 1496 3134; x_wconf 88' lang='lat' dir='ltr'>clarissimis</span> <span class='ocrx_word' id='word_1_189' title='bbox 1531 3073 1693 3131; x_wconf 87' lang='lat' dir='ltr'>lumi—</span> 
     </span>
     <span class='ocr_line' id='line_1_30' title="bbox 121 3171 1680 3256; baseline 0.004 -29"><span class='ocrx_word' id='word_1_190' title='bbox 121 3171 315 3247; x_wconf 85' lang='lat' dir='ltr'>nibus,</span> <span class='ocrx_word' id='word_1_191' title='bbox 352 3185 407 3231; x_wconf 90' lang='lat' dir='ltr'>et</span> <span class='ocrx_word' id='word_1_192' title='bbox 436 3196 578 3233; x_wconf 85' lang='lat' dir='ltr'>verae</span> <span class='ocrx_word' id='word_1_193' title='bbox 606 3177 822 3234; x_wconf 88' lang='lat' dir='ltr'>virtutis</span> <span class='ocrx_word' id='word_1_194' title='bbox 845 3178 1277 3236; x_wconf 83' lang='lat' dir='ltr'>aestimatoribus</span> <span class='ocrx_word' id='word_1_195' title='bbox 1315 3177 1680 3256; x_wconf 88' lang='lat' dir='ltr'>peritissimis.</span> 
     </span>
    </p>
   </div>
  </div>
 </body>
</html>
