2313 3780
346 295 422 338 ⁴lv
1035 295 1380 340 PRAEFATIO.

449 422 718 491 Interea
757 423 938 515 quod
971 407 1039 492 ei
1081 426 1372 494 liberum
1421 433 1569 492 erat
1601 448 1642 490 a
1673 422 2073 491 Scholarum

354 571 584 639 labore
617 583 882 665 tempus
898 626 919 658 ‚
950 574 1383 664 impendebat
1425 575 1496 642 id
1534 597 1734 641 omne
1766 574 2067 640 consori-
2152 648 2155 650 q

357 722 599 790 bendis
644 724 716 791 in
760 725 1246 816 discipulorum
1290 735 1358 791 et
1401 726 1878 817 magistrorum
1912 746 2074 813 gra-

357 877 525 944 tiam
571 879 783 946 libris.
829 878 1092 965 Quibus
1143 879 1324 946 euris
1379 878 1701 948 debemus
1749 888 1851 945 tot
1886 886 2075 945 vete-

359 1044 512 1091 rum
590 1036 944 1116 poetarum
1014 1039 1422 1119 expurgatas
1491 1028 1577 1096 ab
1642 1027 2081 1110 obscoenitate

360 1177 722 1269 editiones3
775 1182 1127 1273 complura
1184 1206 1388 1274 opera
1453 1182 1700 1274 quibus
1755 1180 2082 1275 juventus

361 1329 447 1395 ad
512 1331 856 1400 uberiores
906 1359 989 1401 ex
1041 1334 1278 1401 studiis
1343 1334 1757 1426 colligendos
1823 1332 2085 1399 fruetus

361 1476 844 1571 adjuvaretur,
889 1494 959 1542 et
1013 1485 1222 1566 (quod
1280 1485 1624 1567 praecipua
1682 1483 1884 1549 laude
1936 1484 2091 1570 dig..

361 1651 530 1695 num
578 1627 706 1718 est)
750 1627 1154 1718 opuseulum
1206 1624 1291 1692 de
1336 1626 1608 1693 ratione
1662 1624 1979 1694 discendi
2024 1640 2093 1696 et

363 1776 687 1864 docendi,
718 1780 901 1871 quod
934 1780 1092 1846 dein
1130 1804 1211 1846 ex
1243 1778 1528 1846 Decreto
1555 1777 1652 1864 X,
1692 1777 2087 1871 Congrega—

362 1930 566 1999 tionis
595 1956 737 2017 xlv,
769 1931 1083 1999 omnibus
1111 1930 1462 1998 Societatis
1491 1929 1653 1997 Jesu
1684 1928 2085 1999 Soholarum

365 2081 766 2151 inferiorum
797 2082 1138 2174 magistris
1163 2080 1714 2149 commendatum
1745 2090 1867 2148 est.

462 2339 674 2410 Porro
708 2343 891 2434 quod
928 2352 1030 2410 tot
1067 2367 1279 2411 annos
1320 2344 1434 2434 pia
1480 2341 1850 2410 ambitione
1890 2340 2092 2408 funo—

367 2501 478 2560 tus
538 2504 688 2595 erat⁸
743 2493 1040 2562 officium
1094 2494 1463 2586 aliquando
1531 2518 1573 2560 a
1622 2491 2093 2583 Superioribus

360 2644 592 2740 jussus
641 2657 742 2714 est
805 2672 1091 2738 ponere,
1149 2658 1225 2714 ut
1286 2647 1352 2713 S.
1420 2643 1755 2713 Theodori
1815 2642 2091 2709 studitae

372 2798 664 2889 scripta,
715 2823 1006 2891 quorum
1057 2799 1422 2866 editionem
1475 2795 1914 2863 inchoaverat
1949 2792 2092 2859 Sir-

374 2950 668 3017 mundus
679 3003 701 3035 ,
756 2952 969 3018 latina
1006 2950 1278 3018 faceret.
1327 2948 1579 3015 Verum
1633 2947 1829 3013 aliter
1873 2945 2092 3014 visum

375 3109 477 3165 est
516 3100 742 3168 divino
815 3100 1116 3168 Numini.
1178 3099 1408 3185 Quum
1477 3097 1662 3164 enim
1725 3095 1830 3161 illi
1899 3114 2093 3160 novae

379 3261 628 3341 spat-tae
661 3251 1075 3320 adornandae
1112 3274 1301 3318 suam
1340 3247 1492 3342 jam
1539 3248 1733 3314 daret
1778 3265 2092 3334 operam,
