2240 3546
263 2493 475 2537 Societatis

207 2572 311 2602 nova
350 2559 507 2602 Confir-

207 2624 348 2667 matio.

573 205 693 265 164
1235 230 1479 269 EPITOME

568 327 878 406 Poggium,
925 329 1263 408 Apostolicae
1309 342 1431 390 tum
1475 334 1622 392 sedis
1665 335 1819 412 apud
1866 335 2142 412 Hispanos

566 429 816 509 legatum
839 476 852 504 a
888 433 987 508 qui
1009 452 1127 489 rem
1153 454 1283 490 cum
1304 435 1576 494 Pontifice
1598 446 1713 494 tam
1738 436 1935 494 sedulo
1959 436 2144 493 celeri-

565 545 763 613 terque
799 533 1063 606 confecit,
1098 544 1161 591 ut
1193 536 1437 612 Poggius
1482 538 1828 596 voluntatem
1859 536 2144 594 Pontificis

566 638 800 695 attonito
823 636 1037 712 Borgiae
1067 637 1433 710 renuncians,
1468 639 1635 695 simul
1665 639 1897 696 edixerit
1918 637 2142 695 nullum

562 738 771 815 effugio
819 736 1009 794 locum
1056 756 1196 794 esse.
1240 739 1367 795 Non
1412 748 1601 796 tamen
1642 741 1849 798 idcirco
1890 741 2142 797 animum

559 839 654 896 ille
683 838 1006 917 despondit.
1034 838 1289 895 Primum
1319 840 1571 896 omnium
1597 842 1918 917 aggreditur
1951 843 2140 918 ipsum

558 942 866 1019 Poggium,
905 950 960 997 et
999 941 1262 998 orationis
1304 943 1612 999 constantia
1643 943 1854 1016 flectit7
1898 942 2036 999 adeo
2076 946 2142 996 ut

558 1043 873 1102 Cardinalis
899 1042 971 1099 ad
994 1043 1322 1100 Pontificem
1346 1044 1644 1117 scriberet,
1668 1044 1789 1101 fieri
1810 1063 1923 1099 non
1945 1060 2106 1120 posse
2122 1083 2137 1112 7

560 1156 625 1202 ut
657 1165 911 1222 unquam
945 1146 1306 1202 assentiretur
1342 1145 1569 1222 Bongia„
1610 1154 1708 1202 aut
1742 1146 1787 1203 si
1817 1152 2136 1221 cogeretur,

558 1247 783 1303 moerori
820 1245 1051 1303 ferendo
1095 1267 1290 1324 parem
1336 1268 1401 1304 ac
1445 1249 1802 1324 superstitem
1841 1266 1956 1302 non
1995 1244 2135 1301 fore.

557 1349 715 1406 Victo
740 1348 1046 1423 Cardinali,
1073 1349 1402 1427 Philippum
1428 1350 1747 1428 Principem
1763 1349 2001 1406 adortus
2022 1355 2136 1418 est,

554 1469 620 1506 ac
643 1449 715 1507 de
745 1452 1020 1508 sententia
1045 1450 1282 1507 dimovit
1315 1471 1422 1528 ope
1453 1451 1688 1510 Infantis
1711 1453 1976 1523 ‹Ioannae7
2010 1468 2139 1526 quae

551 1551 799 1630 Philippi
841 1572 997 1610 soror
1039 1562 1095 1609 et
1137 1552 1282 1628 regis
1324 1551 1628 1609 Lusitaniae
1661 1552 1856 1623 vidua,
1897 1549 2139 1607 consiliis

551 1653 845 1732 ductuque
883 1653 1100 1731 Borgiae
1133 1652 1355 1729 pridem
1397 1653 1665 1709 utebatur
1699 1652 1772 1709 ad
1802 1652 1984 1709 officia
2012 1651 2139 1729 pie-

549 1759 701 1815 tatis.
745 1756 992 1814 Accessit
1022 1754 1179 1832 apud
1215 1754 1434 1811 ,Iulium
1471 1755 1548 1811 ΙΙΙ
1586 1765 1771 1811 orator
1809 1774 1934 1810 acer
1966 1762 2137 1829 atque

548 1860 748 1918 efficax
777 1857 1026 1935 Ignatius
1048 1901 1062 1929 7
1107 1865 1162 1912 et
1198 1874 1424 1913 causam
1455 1854 1701 1932 denique
1733 1873 1957 1911 omnem
1980 1853 2136 1910 obti-

545 1961 691 2018 nuit.
739 1961 824 2017 Ne
861 1958 940 2015 sic
978 1956 1212 2033 quidem
1255 1957 1517 2033 speciosis
1555 1955 1615 2011 id
1658 1974 1836 2032 genus
1871 1953 2135 2032 periculis

545 2081 733 2119 carere
755 2060 983 2116 omnino
1014 2058 1229 2136 Borgiae
1252 2057 1433 2114 licuit.
1463 2056 1673 2114 Eadem
1697 2058 1999 2114 certamina
2021 2057 2130 2114 sub

542 2161 911 2241 pontificibus
954 2160 1131 2217 Paulo
1171 2160 1268 2233 IV,
1314 2179 1379 2216 ac
1421 2158 1521 2214 Pio
1556 2158 1630 2214 IV
1661 2167 1717 2214 et
1748 2159 1794 2214 V
1823 2167 2086 2216 renovata
2115 2183 2127 2216 :

545 2266 645 2325 sed
689 2265 918 2323 victoria
959 2262 1090 2320 licet
1135 2261 1410 2334 difficilis5
1457 2281 1770 2338 numquam
1803 2269 1991 2318 tamen
2027 2262 2131 2319 du-

543 2368 641 2425 bia
670 2376 769 2424 aut
798 2384 1004 2442 anceps
1033 2363 1161 2420 fuit.

708 2467 959 2545 Ignatius
1000 2465 1218 2522 Summi
1254 2465 1542 2524 Pontificis
1575 2465 2024 2523 benevolentiam
2067 2468 2127 2523 in

542 2572 756 2649 Borgiae
778 2571 1001 2648 negotio
1032 2578 1332 2647 expertus7
1367 2568 1441 2625 ab
1478 2587 1543 2625 eo
1574 2568 1733 2624 enixe
1761 2568 1995 2644 petierat
2013 2612 2038 2639 ‚⁷
2061 2577 2126 2625 ut

541 2674 827 2730 Societatis
864 2672 1191 2731 Institutum
1228 2690 1425 2729 rursus
1463 2669 1851 2740 confirmaret,
1884 2688 2124 2745 eamque

537 2797 684 2835 novo
713 2776 1141 2856 propugnaculo
1184 2785 1376 2833 contra
1410 2773 1814 2830 nonnullorum
1845 2773 2119 2830 inscitiam

539 2890 637 2937 aut
678 2879 1128 2937 malevolentiam
1166 2876 1560 2935 communiret.
1594 2876 1661 2933 Id
1695 2895 1825 2933 vero
1854 2876 2118 2933 libentis—

541 2984 679 3041 sime
731 2992 900 3059 atque
960 2982 1244 3040 uberrime
1299 2980 1558 3057 praestitit
1616 2978 1907 3051 Pontifex,
1967 2978 2117 3034 edita

541 3084 949 3143 Constitutione
977 3103 1061 3139 XII
1093 3082 1212 3140 Cal.
1249 3081 1512 3155 Sextiles7
1545 3082 1603 3137 in
1633 3101 1745 3158 qua
1774 3078 2112 3150 declaravit,

541 3194 597 3243 et
633 3187 725 3263 ad⁹
747 3184 944 3263 Ignatii
986 3192 1231 3241 mentem
1265 3183 1549 3257 distinxit,
1592 3203 1720 3259 quae
1754 3184 1811 3238 in
1852 3180 2010 3238 Pauli
2037 3179 2115 3236 ΙΙΙ
