2240 3546
1024 221 1214 258 INDEX.

202 320 332 352 Annus.

202 379 322 426 1549
386 379 593 423 Brasiliae
616 376 810 427 notitia,
835 377 883 417 et
906 375 956 416 in
982 385 1085 416 eam
1111 371 1264 415 aditus
1317 403 1884 416 ........

395 457 662 508 Salmeron‚
686 454 811 499 Jaius
842 459 889 497 et
918 452 1130 498 Canisius
1162 449 1433 510 Ingolstadii
1473 483 1884 496 ......

387 536 435 581 Ρ.
457 535 722 580 Criminalis
749 539 978 578 mactatur
1003 559 1058 566 —
1081 539 1131 577 et
1158 547 1238 577 sex
1262 532 1339 575 alii
1393 564 1885 576 .......

388 616 599 674 Japoniae
621 614 874 672 descriptio
915 644 1885 658 .............

388 695 434 740 S.
462 696 538 739 Fr.
566 695 790 739 Xaverius
813 695 1059 752 Japoniam
1084 692 1349 752 ingreditur
1380 718 1435 725 —
1459 692 1683 737 Miracula
1718 725 1728 737 .
1796 725 1808 736 .
1877 725 1887 736 .

203 774 322 821 1550
385 775 438 818 Iu
462 776 616 819 Africa
645 775 859 829 Lainius‚
886 773 1121 826 Cornoza,
1155 778 1201 817 et
1234 774 1310 816 alii
1319 805 1888 818 ........

389 854 435 900 S.
461 855 738 899 Franciscus
761 855 927 913 Borgia
950 854 1147 898 Romam
1163 886 1174 906 ‚
1200 854 1330 896 venit
1397 883 1888 897 .......

389 935 653 992 Purpuram
679 940 883 988 recusat,
910 941 984 978 etc
990 963 1886 976 ............

386 1015 515 1058 Nova
538 1014 782 1058 Societatis
811 1012 1110 1057 confirmatio
1145 1045 1156 1056 .
1236 1042 1888 1057 .........

381 1094 547 1152 Ignatii
572 1095 712 1138 rebus
743 1097 791 1137 in
826 1093 1029 1136 adversis
1053 1106 1141 1149 pax
1149 1124 1887 1139 ..........

384 1174 647 1219 Primordia
669 1174 867 1231 Collegii
886 1173 1082 1216 Parisini
1150 1199 1887 1216 ..........

516 1269 532 1293 ι
669 1250 844 1295 Domus
879 1250 1210 1304 Lovaniensis,
1235 1255 1309 1294 etc
1314 1282 1885 1295 ........

382 1330 606 1375 Xaverius
633 1330 920 1390 Cangoxiina
945 1331 1109 1395 pulsus
1138 1329 1394 1374 Firandum
1429 1333 1571 1389 petit,
1598 1336 1686 1376 etc.
1717 1365 1726 1374 .
1796 1364 1805 1375 .
1875 1365 1886 1374 .

198 1411 312 1458 1551
383 1411 576 1456 Patrum
601 1426 840 1457 successus
875 1414 923 1455 in
956 1411 1147 1455 Brasilia
1155 1443 1886 1456 ..........

383 1491 593 1551 Collegio
616 1493 831 1537 Romano
854 1492 1047 1536 insidias
1070 1498 1263 1536 struunt
1285 1493 1545 1538 Lutherani
1552 1527 1884 1538 .....

379 1572 601 1631 Hispania
626 1577 676 1617 in
701 1580 793 1618 tres
816 1572 1087 1617 Provincias
1112 1574 1280 1630 divisa,
1311 1580 1384 1619 etc
1391 1608 1884 1620 .......

381 1653 646 1699 Viennense
674 1655 939 1714 Collegium
984 1687 1883 1702 ............

375 1733 461 1776 PP.
487 1734 544 1777 ad
567 1735 816 1793 Synodum
839 1735 1173 1780 Tridentinum
1195 1743 1483 1782 revocantur
1554 1770 1883 1783 .....

379 1811 687 1854 Maldivarum
712 1810 810 1852 Rex
835 1808 1023 1853 Christo
1049 1807 1256 1852 adhaeret
1305 1840 1882 1858 ........

378 1889 561 1934 Xaverii
587 1890 791 1942 labores,
818 1902 1084 1942 successus,
1110 1901 1222 1933 cum
1244 1887 1432 1933 Bonziis
1455 1893 1748 1936 concertatio
1791 1925 1801 1936 .
1871 1925 1881 1936 .

194 1972 312 2018 1552
379 1970 644 2029 Collegium
679 1969 1014 2015 Germanicum
1040 1972 1089 2013 in
1116 1969 1240 2015 Urbe
1308 2002 1882 2018 ........

378 2050 584 2109 Collegia
610 2050 829 2105 Mutinae‚
866 2049 1072 2104 Perusii,
1102 2050 1326 2109 Eugubii.
1353 2076 1409 2083 —
1437 2049 1641 2096 Corsica.
1711 2086 1721 2097 .
1791 2086 1801 2097 .
1870 2088 1879 2098 .

380 2130 756 2176 Constitutiones
783 2134 833 2174 in
864 2145 1004 2175 usum
1028 2130 1236 2174 inductae
1302 2161 1879 2179 ........

377 2210 653 2256 Rodericius
676 2215 725 2255 in
754 2211 1008 2256 Lusitania.
1038 2235 1093 2243 —
1120 2210 1235 2255 Miro
1305 2243 1880 2258 ........

380 2291 590 2348 Epistola
614 2290 670 2334 de
695 2290 988 2335 Ohedientiae
1011 2294 1186 2336 virtute
1224 2323 1878 2340 .........

379 2371 573 2417 Lainius
595 2371 651 2415 ab
676 2370 853 2429 Ignatio
879 2373 1090 2414 monitus
1144 2403 1879 2420 ..........

382 2451 506 2497 Socii
532 2465 556 2495 e
582 2451 780 2509 Japonia
803 2456 848 2494 et
871 2449 1002 2494 India
1033 2449 1233 2494 Romam
1263 2452 1461 2495 veniunt
1468 2485 1877 2500 ......

376 2531 603 2576 Xaverius
636 2534 685 2574 in
718 2530 948 2576 Sanciano
983 2532 1189 2573 moritur
1223 2562 1874 2581 .........

193 2614 313 2659 1555
378 2614 561 2671 Corpus
585 2611 627 2657 S.
656 2612 891 2656 Francisci
917 2611 1030 2655 Xav.
1062 2613 1399 2669 incorruptum
1466 2646 1877 2662 ......

381 2695 594 2753 Japoniae
617 2699 662 2737 et
684 2693 889 2736 Brasiliae
911 2697 1057 2735 status
1063 2723 1876 2743 ...........

377 2775 425 2819 Ρ.
454 2774 703 2818 Henricius
728 2771 983 2817 crudeliter
1009 2777 1176 2815 tortus·
1203 2797 1259 2804 —
1285 2771 1396 2816 Tres
1420 2772 1542 2818 same
1562 2779 1760 2832 mortui,
1786 2784 1875 2825 etc.

380 2851 756 2910 Olisipponensis
791 2852 966 2896 Domus
990 2851 1113 2896 Prof.
1142 2856 1188 2895 et
1213 2849 1478 2910 Collegium
1544 2887 1873 2903 .....

377 2934 625 2978 Provincia
660 2932 816 2977 Sicula
821 2963 1874 2984 ..............

379 3013 642 3072 Collegium
670 3011 973 3057 Cordubense
980 3045 1871 3064 ............

191 3091 310 3137 1554
377 3094 423 3140 S.
450 3094 526 3138 Fr.
555 3094 719 3152 Borgia
744 3092 1017 3150 Hispaniam
1045 3093 1213 3136 lustrat
1220 3126 1871 3145 .........

378 3176 640 3234 Collegium
675 3173 949 3228 Placentiae,
977 3172 1362 3234 Caesaraugustae,
1386 3180 1460 3219 etc
1465 3208 1872 3225 ......

1943 2700 2035 2747 225

1942 2784 2033 2830 226

1942 2862 2033 2910 229

1941 2942 2034 2988 250

1938 3022 2027 3068 251

1939 3102 2031 3150 252

1939 3182 2030 3230 257
