2240 3546
806 497 1317 602 INDEX

600 751 706 819 ET
790 751 1130 819 SERIES
1207 750 1535 819 RERUM

453 974 600 1036 Quae
634 974 707 1020 in
743 977 941 1021 'tomo
976 973 1196 1033 primo
1230 972 1680 1022 continentur.

846 1159 1300 1184 ⁴00-—

140 1301 269 1334 Annus.
1846 1301 1985 1347 Pagina.

326 1364 540 1410 Praefatio
566 1364 818 1410 Editorum
851 1398 1830 1412 .............

321 1445 535 1490 Praefatio
559 1450 764 1490 auctoris
788 1462 797 1490 t
825 1445 990 1505 Operis
1012 1446 1162 1491 forma
1185 1453 1231 1491 et
1266 1449 1522 1493 consilium
1578 1481 1588 1492 .
1657 1480 1668 1491 .
1738 1481 1749 1492 .
1817 1479 1829 1492 .
1960 1447 1982 1492 1

141 1523 257 1570 1491
326 1525 371 1571 S.
398 1526 603 1585 Ignatius
626 1530 834 1572 nascitur
855 1559 1831 1574 .............
1960 1527 1988 1572 5

136 1604 252 1650 15:21
323 1606 612 1651 Vulneratur
637 1608 694 1653 ad
719 1609 1055 1668 Pampelonem
1093 1639 1828 1654 ..........
1958 1606 1989 1651 4

133 1684 253 1730 15:22
319 1687 516 1732 Librum
543 1689 890 1734 Exercitiorum
917 1690 1238 1748 spiritualium
1261 1692 1511 1749 componit
1576 1723 1587 1734 .
1658 1722 1668 1734 .
1737 1721 1748 1733 .
1817 1721 1829 1733 .
1959 1687 1988 1732 5

132 1766 252 1812 1525
316 1768 533 1813 venetias
558 1773 675 1824 petit
700 1776 745 1809 et
769 1770 1066 1809 Palaestinam
1094 1800 1829 1815 ..........
1959 1765 1987 1811 6

318 1847 570 1899 Reversus,
597 1859 790 1903 operam
818 1844 895 1888 dat
919 1844 1248 1890 Grammaticae
1271 1847 1321 1888 in
1346 1845 1586 1902 Hispania.
1657 1876 1668 1886 .
1736 1875 1748 1887 .
1816 1875 1829 1887 .
1959 1844 1986 1888 7

132 1928 252 1974 1528
318 1927 525 1980 Parisiis,
553 1930 704 1971 socios
727 1926 814 1969 sibi
840 1925 1056 1968 adsciscit
1092 1953 1830 1968 ..........
1959 1923 1987 1969 8

130 2009 250 2055 1554
317 2008 561 2054 Societatis
585 2006 877 2050 incunabula
900 2008 950 2048 in
978 2004 1427 2063 Monte-Martyrum
1494 2036 1827 2049 .....
1927 2004 1982 2049 11

312 2087 358 2134 S.
386 2088 567 2147 Ignatio
591 2087 790 2130 Romam
814 2088 995 2143 petenti
1020 2084 1234 2130 Christus
1258 2090 1452 2143 apparet
1488 2117 1499 2129 .
1569 2118 1579 2128 .
1649 2118 1660 2129 .
1729 2118 1741 2129 .
1810 2118 1826 2130 .
1925 2084 1983 2129 15

316 2166 451 2212 Unde
474 2179 651 2210 nomen
676 2164 920 2222 Societatis
943 2164 1052 2209 Jesu
1096 2197 1827 2210 ..........
1926 2166 1984 2212 14

315 2246 362 2292 S.
388 2246 597 2304 Ignatius
620 2259 668 2289 se
690 2250 736 2288 et
758 2258 868 2289 suos
893 2244 1028 2288 offert
1054 2238 1252 2289 Summo
1277 2244 1496 2290 Pontifici
1573 2279 1583 2289 .
1653 2278 1664 2289 .
1734 2278 1744 2290 .
1814 2279 1826 2291 .
1925 2246 1984 2292 15

319 2326 588 2384 Tempestas
611 2328 661 2368 in
685 2325 920 2384 Ignatium
944 2327 1144 2368 excitata
1167 2324 1330 2369 Romae
1414 2357 1826 2373 ......
1926 2327 1983 2372 17

131 2403 251 2451 1540
316 2403 522 2450 Societas
556 2403 664 2449 Jesu
697 2417 722 2447 a
756 2402 878 2460 Papa
908 2403 1054 2447 Paulo
1091 2402 1150 2447 ΙΙΙ
1183 2403 1485 2460 confirmata,
1521 2411 1567 2450 et
1598 2407 1737 2464 quale
1768 2410 1831 2453 sit

381 2484 661 2529 institutum
686 2514 1826 2533 ...............
1921 2489 1979 2535 21

320 2566 374 2611 ln
399 2566 581 2610 Indiam
607 2566 735 2609 missi
761 2563 919 2607 Patres
942 2561 1186 2608 Societatis
1245 2596 1824 2614 ........
1923 2571 1982 2617 54

320 2647 527 2694 Societas
573 2647 886 2699 Lusitaniam,
931 2643 1224 2702 Hispaniam,
1261 2643 1480 2701 Galliam,
1524 2647 1823 2697 Germaniam

378 2726 645 2786 ingreditur
682 2755 1823 2777 ...............
1923 2734 1980 2781 56

133 2808 248 2854 1541
318 2806 363 2853 S.
388 2807 596 2866 Ignatius
620 2810 806 2849 creatur
828 2803 1112 2863 Praepositus
1137 2802 1376 2849 Generalis
1409 2839 1822 2854 ......
1919 2812 1981 2858 40

314 2883 481 2930 Obitus
506 2884 553 2928 P.
581 2883 775 2928 Codurii
845 2913 1823 2934 .............
1919 2892 1980 2938 42

320 2963 584 3023 Collegium
607 2963 887 3007 Patavinum
909 2968 953 3007 et
979 2961 1367 3010 Conimbricense
1412 2997 1822 3014 ......
1920 2971 1980 3019 45

313 3044 539 3089 Xaverius
562 3048 611 3088 in
637 3043 820 3088 Indiam
846 3044 1163 3102 proficiscitur
1168 3077 1821 3096 .........
1918 3056 1979 3101 44

322 3123 446 3179 Quid
471 3125 617 3182 egerit
639 3126 689 3166 in
712 3121 999 3168 Mozambico
1006 3155 1822 3176 ...........
1918 3134 1980 3181 45

319 3203 442 3260 Quid
467 3203 683 3249 Melindae
762 3235 1820 3256 ..............
1917 3216 1977 3261 46
