2240 3546
233 899 252 920 ⁸
266 912 386 943 anno
408 902 529 943 1555.

565 251 686 312 238
1230 281 1470 319 EPITOME

559 381 709 455 jura.
745 380 999 441 Omissus
1028 384 1131 441 iste
1159 383 1341 458 locus,
1375 386 1528 463 pacis
1558 386 1754 444 itidem
1789 408 1983 462 causa,
2010 388 2137 446 fuit.

569 482 925 561 Quicumque
965 486 1106 544 alius
1153 487 1476 564 legebatur,
1522 493 1688 551 modo
1732 494 1972 572 religiosi
2009 495 2142 565 viri,

567 584 737 640 modo
770 585 984 659 clerici,
1024 589 1183 663 quasi
1222 594 1602 667 conjuratione
1639 595 1782 653 facta
1815 596 2146 653 coorieban-

570 695 679 742 tur.
703 687 944 744 Demum
966 699 1221 766 repertus
1243 701 1349 764 est,
1368 712 1536 770 opera
1551 696 1616 752 P.
1633 697 1908 756 Francisci
1933 698 2148 754 Stradae

567 789 666 864 qui
705 790 909 846 civium
941 793 1155 850 animos
1187 794 1260 850 ad
1291 797 1578 872 negotium
1611 800 2023 858 conficiendum
2054 820 2148 856 na-

567 891 679 947 tiva
703 891 966 950 facundia
998 896 1331 972 permovit*.
1363 899 1504 956 Duae
1538 901 1596 956 in
1635 902 1835 958 vicinia
1867 912 2024 960 erant
2054 923 2150 980 pa-

565 996 781 1070 roeciae,
829 1019 1069 1075 quarum
1117 1000 1374 1059 curiones
1413 1005 1894 1080 propinquitatem
1934 1004 2152 1081 collegii

562 1097 707 1156 ferre
737 1120 849 1156 non
879 1104 1329 1181 poterant.'Ergo
1363 1126 1463 1182 per
1486 1107 1801 1166 absentiam
1841 1108 2148 1182 AntistitiS,

563 1222 735 1278 quem
785 1202 1032 1260 alienum
1083 1225 1113 1260 a
1161 1206 1465 1281 Societate,
1512 1230 1576 1267 ac
1627 1212 1734 1268 sibi
1788 1232 2150 1270 assensurum

562 1315 800 1378 norant,
846 1306 1002 1365 litem
1055 1307 1220 1365 nobis
1273 1310 1608 1383 intendunt,
1672 1314 1842 1370 edicit
1891 1315 2152 1372 antistitis

566 1409 846 1483 Vicarius,
881 1432 952 1468 ne
975 1413 1103 1489 quis
1128 1414 1206 1470 rei
1232 1414 1446 1470 Divinae
1480 1416 1537 1471 in
1573 1417 1785 1494 templo
1828 1427 2018 1476 nostro
2060 1419 2153 1474 in-

565 1516 743 1572 tersit.
793 1516 1003 1573 Omnes
1054 1516 1394 1574 defensionis
1439 1527 1495 1575 et
1540 1518 1854 1575 concordiae
1897 1520 2001 1575 viae
2043 1519 2155 1576 ob-

566 1626 884 1676 struuntur.
934 1620 1177 1677 Societas
1228 1620 1370 1677 divis
1417 1621 1764 1678 carminibus
1804 1632 1859 1678 et
1904 1640 2152 1678 exsecra-

563 1721 848 1795 tionibus,
901 1722 1179 1799 probroso
1245 1723 1413 1779 etiam
1486 1733 1714 1779 notatur
1771 1723 2148 1780 anathemate.

564 1823 720 1880 Idem
752 1826 811 1880 in
842 1825 989 1881 cives
1021 1824 1237 1881 fulmen
1266 1825 1653 1900 intorquetur,
1681 1825 2158 1901 quicumque'aut

566 1925 622 1981 in
683 1925 804 1981 aede
854 1925 1141 1982 Societatis
1192 1925 1360 1982 sacris
1405 1923 1780 1996 interfuisset,
1829 1934 1926 1981 aut
1968 1936 2156 2002 partes

567 2037 787 2084 nostras
811 2047 1153 2104 causamque
1192 2027 1560 2104 susciperent.
1591 2026 1805 2083 Procax
1838 2027 2160 2086 adolescen-

568 2139 690 2188 tum
723 2130 894 2187 turba
919 2130 1124 2188 domus
1160 2139 1366 2187 nostrae
1401 2128 1673 2187 fenestras
1711 2129 1966 2207 lapidum
1997 2151 2159 2208 gran-

570 2234 702 2291 dine
751 2233 1057 2291 lacerabat.
1119 2232 1272 2289 Licet
1321 2231 1501 2309 probe
1539 2230 1914 2308 intelligerent
1967 2232 2159 2290 Patres

569 2336 972 2408 anathematis,
999 2354 1115 2412 quo
1146 2334 1378 2391 fuerunt
1401 2354 1433 2390 a
1468 2333 1684 2390 Vicario
1717 2332 2001 2406 mulctati,
2041 2335 2155 2390 vim

568 2439 786 2497 nullam
818 2458 938 2497 esse
960 2483 974 2511 ,
1021 2448 1143 2494 tum
1172 2436 1307 2494 alias
1339 2436 1414 2493 ob
1448 2455 1674 2508 causas,
1713 2445 1835 2493 tum
1873 2439 2158 2515 praecipue

569 2543 645 2600 ob
689 2542 1074 2619 interpositam
1126 2541 1186 2596 in
1237 2549 1490 2617 tempore
1535 2559 1599 2596 ac
1644 2540 1958 2596 secundum
2003 2539 2154 2617 leges

570 2644 908 2723 Apostolicae
950 2643 1108 2701 Sedis
1147 2641 1614 2720 appellationem,
1661 2649 1851 2697 tamen
1895 2641 2050 2697 domi
2097 2660 2158 2698 se

571 2748 966 2820 continebant,
1005 2747 1144 2803 dum
1188 2745 1421 2802 nimbus
1466 2752 1624 2800 atrox
1665 2743 1995 2820 praeteriret.
2044 2742 2156 2799 Sed

573 2872 703 2909 cum
733 2852 792 2908 in
821 2851 986 2907 horas
1022 2858 1320 2927 augeretur
1356 2845 1704 2924 periculum,
1750 2845 1842 2900 cui
1871 2863 2036 2901 nemo
2066 2843 2155 2902 vel

571 2962 822 3032 poterat,
870 2952 959 3010 vel
999 2951 1246 3009 audebat
1287 2967 1608 3018 occurrere,
1650 2946 1827 3003 multa
1865 2947 2051 3024 prius,
2091 2955 2154 3003 ut

572 3064 837 3134 parerat,
863 3055 1016 3132 apud
1041 3055 1305 3111 Senatum
1338 3050 1651 3122 contestati,
1684 3048 1919 3107 redditis
1942 3048 2151 3106 aedium

573 3158 857 3231 clavibus,
900 3159 1223 3216 discessere.
1262 3156 1449 3213 Habet
1478 3154 1585 3211 hoc
1621 3153 1801 3210 omnis
1832 3152 2003 3209 animi
2033 3170 2154 3228 per-

574 3262 823 3319 turbatio
860 3261 1136 3334 violenta,
1176 3270 1241 3318 ut
1275 3268 1486 3336 quanto
1523 3264 1608 3315 est
1643 3256 1964 3328 aestuosior,
1996 3261 2154 3311 tanto
