2240 3546
548 212 664 271 160
1215 234 1456 273 EPITOME

544 357 776 397 arcanos
814 339 1056 417 pectoris
1104 339 1287 395 intimi
1322 356 1574 396 recessus
1617 336 1889 416 aperiret,
1937 335 2011 392 ab
2060 354 2126 393 eo

545 441 786 498 vicissim
818 441 1215 498 reconditiores
1247 439 1502 498 Domini
1525 445 1653 498 vias
1692 440 2002 496 docebatur
2025 482 2039 511 ,
2072 447 2129 494 et

547 562 880 619 magnorum
914 561 1148 618 operum
1171 562 1233 598 ac
1256 544 1525 599 virtutum
1552 544 1862 621 accipiebat
1883 542 2090 598 semina
2111 583 2126 612 ,

549 664 678 721 quae
711 644 843 700 olim
877 643 1065 701 fructu
1098 643 1399 721 centuplici
1430 644 1675 703 fenerata
1704 646 1989 704 redderet.

729 746 867 803 Inde
927 746 1000 802 ad
1060 766 1212 804 sacra
1272 746 1503 802 Jubilaei
1569 749 1715 804 dona
1773 744 2134 826 percipienda

552 867 885 921 conversuS,
932 859 1181 906 sanctam
1231 848 1491 906 lustravit
1542 849 1788 922 Urbem,
1833 849 2135 926 triumphis

550 949 982 1028 Apostolorum,
1038 952 1352 1028 Martyrum
1405 953 1709 1028 sanguine,
1771 962 1853 1008 tot
1903 951 2136 1029 egregiis

549 1052 821 1109 Divorum
854 1053 1197 1111 facinoribus
1227 1054 1527 1132 inclytam,
1562 1054 1813 1132 profanae
1844 1055 2136 1112 vetustatis

549 1168 918 1212 monumenta
969 1155 1247 1232 neglexit,
1293 1157 1506 1234 quibus
1558 1157 1790 1214 advenae
1831 1157 2002 1233 vulgo
2047 1177 2140 1213 cu-

548 1256 760 1313 riosum
801 1266 856 1314 et
899 1259 1064 1314 inane
1114 1269 1353 1334 pascunt
1397 1260 1595 1316 otium.
1641 1260 1842 1317 Primis
1884 1260 2038 1316 hunc
2080 1259 2141 1315 in

549 1358 787 1415 modum
841 1360 988 1417 curis
1038 1360 1229 1436 pietati
1279 1362 1456 1435 datis,
1511 1364 1762 1420 restabat
1812 1384 1925 1420 una
1972 1363 2141 1439 longe

551 1461 907 1538 gravissima,
956 1463 1224 1520 nimirum
1261 1485 1273 1520 :
1317 1473 1382 1521 ut
1433 1464 1606 1521 seculi
1665 1465 1916 1541 reliquiis
1960 1465 2144 1522 valere

547 1564 749 1640 jussis3
806 1563 1170 1636 Societatem,
1213 1565 1302 1621 cui
1353 1583 1559 1621 nomen
1612 1565 1830 1622 occulte
1873 1567 2137 1639 dederat,

554 1677 745 1744 aperte
774 1667 1154 1745 profiteretur.
1191 1666 1324 1723 Eam
1364 1667 1438 1723 ob
1470 1688 1588 1724 rem
1633 1669 1936 1745 Gasparem
1978 1668 2146 1725 Villa-

553 1771 783 1842 lonum,
831 1790 862 1826 e
905 1769 1084 1825 nobili
1138 1788 1239 1826 suo
1292 1769 1589 1841 comitatu,
1639 1771 1791 1827 misit
1832 1770 2146 1846 Augustam

554 1872 975 1929 Vindelicorum
1008 1871 1080 1927 ad
1112 1871 1389 1928 Caesarem
1412 1915 1427 1942 ,
1470 1880 1534 1927 ut
1565 1875 1683 1948 ejus
1714 1872 1864 1928 bona
1894 1873 2053 1929 venia
2082 1871 2148 1927 ti-

556 1976 705 2032 tulos
733 1975 895 2031 avitae
926 1973 1212 2050 dignitatis
1236 1982 1290 2029 et
1311 1972 1552 2031 honores
1576 1973 1903 2051 deponeret,
1936 1992 2145 2050 eosque

553 2079 613 2134 in
662 2077 910 2134 filiorum
961 2095 1194 2133 suorum
1247 2084 1386 2133 natu
1435 2077 1746 2134 maximum
1795 2076 2142 2135 transferret.

555 2180 683 2237 Jam
735 2179 906 2236 Ducis
959 2178 1267 2249 modestia,
1332 2186 1389 2235 et
1438 2178 1497 2234 in
1550 2178 1830 2235 obeundis
1882 2179 2150 2236 omnibus

557 2283 841 2359 religionis
873 2281 1071 2337 officiis
1099 2279 1289 2353 ardor,
1326 2279 1560 2337 dederat
1588 2280 1776 2337 locum
1800 2280 2149 2358 suspicandi,

559 2385 700 2462 quid
752 2391 973 2460 pararet
1011 2403 1023 2438 :
1081 2382 1245 2439 celari
1291 2381 1433 2446 nihil
1481 2384 1668 2459 potnit
1717 2393 1846 2462 post
1891 2384 2154 2441 Villaloni

562 2486 895 2544 discessum.
931 2484 1148 2542 Multus
1180 2484 1251 2541 de
1294 2485 1491 2561 Bor-gia
1537 2487 1731 2542 Romae
1777 2505 1994 2559 sermO,
2049 2506 2154 2543 nec

562 2591 746 2647 minor
804 2591 1123 2647 admiratio.
1188 2589 1444 2646 Laudare
1494 2588 1787 2661 Pontifex,
1849 2608 1912 2645 ac
1961 2587 2150 2665 palam

564 2693 780 2766 dicere,
815 2712 929 2749 non
970 2712 1090 2750 esse
1136 2691 1640 2764 committendum,
1684 2700 1747 2746 ut
1785 2699 1939 2745 tanta
1976 2690 2154 2747 virtus

564 2798 622 2853 in
653 2797 926 2874 religiosae
959 2797 1087 2853 vitae
1119 2795 1464 2852 obscuritate
1488 2793 1838 2850 delitesceret
1875 2814 1885 2848 :
1922 2810 2155 2869 promo-

565 2901 807 2957 vendam
852 2902 910 2956 in
943 2918 1165 2958 sacrum
1203 2896 1534 2972 collegium,
1569 2905 1632 2953 ut
1672 2894 1813 2951 Orbi
1840 2893 2155 2951 Christiano

565 3003 667 3059 toti
707 3003 938 3060 luceret.
970 3002 1234 3078 Optimus
1264 3000 1536 3076 quisque,
1571 2996 1886 3054 ornandum
1914 3007 2026 3052 tam
2063 3015 2154 3052 ex-

567 3106 788 3164 cellenti
818 3107 933 3162 viro
965 3103 1350 3163 Cardinalium
1383 3111 1590 3159 coetum
1621 3101 1972 3172 existimans,
2012 3098 2155 3153 Pon-

569 3210 702 3267 tifici
725 3209 889 3267 valde
912 3207 1344 3268 assentiebatur.
1371 3207 1587 3265 Rumor
1622 3214 1738 3263 tota
1761 3204 1904 3262 urbe
1934 3201 2153 3259 delatus
