2240 3546
453 275 728 313 HISTORIAE
770 273 1091 311 SOCIETATIS
1135 275 1288 313 JESU.
1541 256 1663 314 225

91 375 326 451 ferocia,
372 379 428 434 in
469 378 798 435 familiarem
841 395 1201 454 congressum
1246 376 1394 434 ultro
1440 378 1665 436 descen-

92 478 294 537 derint.
323 479 387 536 In
416 499 529 556 quo
560 500 686 536 curn
721 478 1030 536 Turrianus
1059 478 1247 535 locum
1278 479 1463 535 nescio
1495 499 1664 554 quem

90 599 158 636 ex
179 579 447 657 Apostolo
477 579 651 637 Paulo
693 589 982 656 sumptum
1014 580 1372 657 protulisset7
1409 559 1666 656 quaesivit

87 679 227 737 alter
268 681 493 738 illorum
518 727 531 754 ,
587 682 713 758 quis
764 680 859 738 ille
900 681 1108 739 Paulus
1137 692 1300 739 esset.
1347 682 1492 738 Tum
1533 699 1664 738 vero

87 782 341 840 Doctoris
387 783 640 858 gentium
677 783 1092 840 conversionem
1126 783 1198 839 ad
1230 783 1514 840 Christum
1545 801 1666 840 res-

85 903 197 960 que
226 894 407 960 gestas
438 904 731 961 aggressus
762 904 987 940 narrare
1012 884 1342 956 Turrianus7
1375 885 1664 942 hominem

84 986 341 1062 exemplo
382 996 538 1043 tanto
590 988 738 1043 vicit.
787 985 1054 1042 Perfusus
1093 987 1321 1063 inopina
1359 985 1519 1060 11166,
1565 987 1663 1043 31)-

75 1085 199 1161 jicit
233 1106 290 1143 se
325 1087 384 1142 in
425 1107 638 1163 genua,
678 1087 1027 1164 baptismum
1066 1098 1213 1159 orat3
1253 1109 1454 1165 quem,
1493 1089 1662 1146 simul

84 1205 212 1242 curn
247 1186 405 1243 Pauli
442 1188 668 1244 nomine
706 1189 980 1266 suscepit:
1016 1192 1135 1266 ejus
1175 1208 1359 1248 comes
1389 1190 1661 1248 Barnabae

83 1287 456 1364 appellatione
486 1290 736 1365 signatus
766 1300 869 1349 est.

246 1388 417 1446 Haud
476 1392 664 1449 minus
711 1412 800 1451 res
857 1393 1170 1452 Christiana
1220 1395 1365 1451 inter
1420 1394 1658 1453 Brasilos

79 1487 237 1561 laeta3
279 1491 381 1547 ubi
413 1512 542 1548 cum
578 1493 864 1551 Sociorum
903 1515 1174 1553 numerus
1210 1516 1274 1552 ac
1309 1495 1656 1552 domicilium

78 1592 139 1648 in
168 1593 286 1652 dies
325 1605 647 1672 augeretur,
694 1597 751 1653 S.
795 1598 1043 1674 Ignatius
1087 1598 1377 1674 proprium
1414 1597 1657 1655 Brasiliae

78 1692 482 1752 Provincialem
514 1696 828 1772 designavit
856 1698 1279 1755 Emmanuelem
1309 1699 1652 1775 Nobregam.

76 1796 131 1854 Is
180 1797 321 1856 duas
365 1798 623 1855 Societati
672 1799 832 1857 sedes
885 1799 1178 1856 collocavit
1225 1801 1284 1855 in
1328 1799 1660 1876 praefectura

75 1897 134 1955 S.
171 1899 443 1956 Vincentii
466 1944 480 1971 ,
513 1900 615 1955 ubi
646 1900 816 1977 paulo
849 1902 1044 1958 ceteris
1088 1901 1492 1957 mansuetiores
1522 1900 1660 1955 bar-

75 2000 230 2073 bari,
285 2002 708 2078 pacatioresque
757 2002 1100 2058 Videbantur
1141 2023 1152 2057 ε
1208 2000 1441 2057 alteram
1486 2001 1660 2057 Mani-

77 2103 265 2175 cobae,
327 2102 561 2160 alteram
602 2102 982 2180 Piratiningae.
1030 2103 1093 2159 In
1143 2101 1477 2180 praefectura
1528 2123 1659 2160 vero

75 2204 134 2260 S.
162 2203 399 2281 Spiritus
429 2203 693 2261 sodalitas
723 2205 978 2262 instituta
1019 2212 1139 2277 651,
1181 2207 1340 2280 cujus
1373 2204 1660 2281 praecipua

73 2306 164 2364 lex
192 2316 249 2364 et
277 2325 485 2363 munus
522 2316 694 2379 65561,
730 2325 840 2362 non
881 2306 1051 2362 modo
1086 2314 1234 2362 certa
1264 2305 1396 2360 vitia
1431 2304 1655 2381 fugere,

75 2407 298 2466 Brasilis
332 2408 562 2480 usitata,
597 2428 790 2465 verum
816 2408 983 2466 etiam
1007 2406 1144 2464 alios
1175 2406 1248 2462 ab
1272 2405 1469 2463 iisdem
1503 2406 1657 2461 omni

76 2533 183 2591 ope
233 2512 531 2569 deterrere.
585 2511 703 2568 Nec
747 2530 949 2586 parum
995 2509 1067 2565 ad
1117 2509 1380 2564 virtutem
1430 2506 1657 2564 incultis

77 2614 364 2671 mentibus
391 2610 896 2669 commendandam
925 2619 980 2667 et
1008 2609 1363 2667 inserendam
1394 2608 1657 2665 valebant

77 2715 334 2792 exempla
377 2715 899 2790 cohortationesque
941 2713 1010 2770 P.
1053 2712 1286 2790 Josephi
1330 2711 1651 2785 Anchietae,

77 2818 178 2894 qui
206 2817 312 2874 hoc
350 2837 496 2873 anno
532 2818 814 2893 ingressus
845 2815 1161 2887 Brasiliam7
1206 2814 1422 2890 primus
1460 2814 1515 2869 in
1548 2815 1654 2871 isto

76 2919 403 2994 ignorantiae
440 2928 495 2975 et
523 2918 883 2975 immanitatis
913 2919 1071 2994 quasi
1102 2916 1383 2973 domicilio
1405 2961 1419 2990 ,
1454 2916 1652 2974 13111135

75 3017 286 3076 litteras
324 3029 378 3076 et
412 3020 595 3077 studia
630 3020 992 3077 humanitatis
1022 3019 1212 3076 docuit
1235 3018 1644 3096 Piratiningae*.

79 3121 403 3179 Sermonem
429 3142 657 3199 quoque
680 3121 951 3179 Brasilum
975 3121 1266 3198 praeceptis
1290 3130 1345 3178 et
1366 3131 1482 3176 arte
1505 3139 1650 3175 com-

78 3222 276 3299 plexus
301 3268 315 3296 ,
358 3243 561 3300 magna
601 3224 808 3282 laboris
852 3233 1009 3301 parte
1050 3243 1335 3301 praecones
1382 3223 1649 3279 doctrinae

339 3344 501 3403 Tom.
551 3344 603 3402 I.
1329 3344 1402 3402 16

1712 1423 1759 1464 In
1782 1424 1993 1466 Provincia

1693 1487 1881 1529 Brasilica
1902 1489 1992 1530 reli-

1693 1551 1826 1604 gionis
1896 1566 1994 1606 pro-

1692 1629 1875 1671 gressus,

1687 3036 1819 3087 *Ejus
1847 3039 1985 3078 vitam

1685 3102 1803 3155 vide,
1841 3114 1888 3153 p.
1928 3101 1984 3142 V.

1685 3166 1799 3207 Hist.
1844 3165 1890 3207 S.
1939 3165 1983 3207 J.

1685 3230 1982 3284 L.25,n.040.
