2240 3546
480 207 596 266 142
886 272 889 275 Δ
1141 231 1384 272 EPITOME

474 332 873 410 antesignanus
914 333 1147 410 quidam
1178 355 1308 394 cum
1339 356 1399 396 se
1427 337 1611 395 Deum
1655 358 1807 413 esse,
1849 360 1914 398 ac
1942 342 2060 400 Deo

397 481 417 503 ,ξ
472 443 812 512 prognatum
833 480 847 508 ,
879 439 1145 512 jactaret,
1188 457 1304 494 non
1344 439 1472 497 tulit
1502 442 1691 499 vesani
1723 442 1918 521 capitis
1950 443 2064 499 im-

472 535 737 613 pietatem
796 537 861 594 P.
922 538 1259 596 Emmanuel
1320 541 1628 620 Nobrega,
1689 553 1745 601 et
1793 545 2064 601 advocata

476 638 773 709 concione,
822 638 900 693 ita
929 637 1219 696 hominem
1265 641 1607 717 confutavit,
1640 654 1704 703 ut
1745 647 1791 704 is
1837 644 2064 703 tandem

476 740 765 797 convictus
788 760 852 797 ac
881 738 1092 798 fractus
1113 761 1230 798 non
1259 743 1612 804 obmutuerit
1634 749 1804 806 modo
1827 795 1840 823 ,
1867 769 2066 807 verum

475 840 644 897 etiam
679 842 825 900 inter
849 823 1283 903 catechumenos
1313 845 1484 904 fuerit
1519 859 1836 927 cooptatus.
1864 851 2066 909 Exem-

475 943 573 1022 plo
600 946 875 1022 permoti,
914 947 1165 1024 primarii
1196 969 1427 1028 quoque
1467 953 1572 1008 viri
1603 953 1675 1010 ad
1714 954 2064 1013 audiendum

476 1046 579 1104 Dei
614 1048 854 1107 verbum
902 1051 1345 1126 concurrebant,
1387 1056 1569 1131 parati
1611 1056 1685 1112 ad
1721 1056 2071 1134 amplecten-

477 1151 610 1208 dam
641 1151 848 1210 Christi
877 1152 1052 1211 fidem
1073 1198 1088 1227 ,
1122 1155 1228 1212 nisi
1258 1176 1352 1215 eos
1383 1160 1726 1216 matrimonii
1757 1159 2072 1217 Christiana

476 1251 567 1310 lex
604 1253 944 1328 deterreret,
993 1256 1248 1333 ipsorum
1297 1258 1526 1317 libidini
1558 1245 1624 1319 'et
1665 1262 1923 1320 moribus
1959 1262 2073 1318 ini-

475 1358 639 1415 mica.
678 1359 769 1416 Sic
797 1359 966 1417 bonae
996 1361 1332 1420 serebantur
1354 1364 1415 1420 in
1436 1364 1667 1423 Brasilia
1690 1364 1905 1442 fruges,
1931 1364 2072 1421 dum

475 1461 758 1539 pestiferae
779 1465 840 1521 in
871 1465 1171 1523 Germania
1199 1451 1580 1524 vellebantur.

196 1572 440 1627 Ingolstadii
643 1565 984 1626 Guillelmus
1014 1569 1261 1626 Bavariae
1300 1570 1432 1627 Dux
1471 1589 1668 1628 omnes
1698 1570 1758 1626 in
1789 1589 1950 1628 suam
1983 1589 2077 1627 re-

139 1637 408 1692 Theologiam
519 1667 529 1677 .
809 1670 818 1679 .
1127 1672 1137 1681 .
1592 1693 1594 1695 ,
1668 1672 1677 1681 .

139 1704 305 1745 tradunt
351 1702 440 1744 Sal-
478 1686 702 1745 gionem
730 1668 918 1728 aditus
940 1670 1142 1730 haeresi
1172 1671 1384 1730 frustra
1407 1680 1641 1729 conatus
1664 1670 2072 1744 intercludere,

140 1767 442 1840 meron,qaius
480 1769 748 1827 cernebat
787 1767 1079 1845 irrepsisse
1120 1767 1276 1825 virus
1309 1768 1370 1823 in
1412 1769 1759 1826 academiam
1796 1773 2079 1847 Ingolsta-

141 1839 182 1874 et
201 1835 399 1875 camsms.
481 1870 766 1942 diensem,
806 1878 978 1946 atque
1006 1868 1140 1926 inde
1170 1869 1230 1925 in
1262 1869 1545 1927 civitatem
1580 1871 1902 1930 universam
1936 1872 2081 1930 deri-

478 1981 695 2031 vatum.
725 1972 892 2030 Petiit
920 1971 994 2029 ab
1018 1971 1236 2049 Ignatio
1261 1971 1607 2050 professores
1635 1972 1953 2031 litterarum
1978 1993 2079 2052 per

481 2096 625 2155 quos
648 2075 938 2134 academia
959 2076 1180 2133 restitui
1209 2075 1513 2153 pristinum
1545 2076 1606 2132 in
1632 2075 1994 2154 splendorem
2026 2085 2082 2133 et

480 2180 859 2258 integritatem
894 2187 1105 2257 posset.
1149 2178 1213 2236 B.
1264 2177 1430 2235 Pater
1471 2178 1532 2233 in
1566 2196 1792 2235 omnem
1829 2176 2080 2254 amplifi-

485 2282 681 2341 candae
711 2303 776 2341 ac
804 2281 1034 2340 tuendae
1069 2280 1354 2360 religionis
1399 2281 1749 2338 occasionem
1790 2280 2074 2352 intentuS,

484 2398 598 2447 tres
629 2387 983 2446 doctissimos
1013 2406 1043 2443 e
1071 2385 1345 2442 Societate
1375 2383 1524 2440 viros
1560 2381 1828 2439 continuo
1865 2381 2081 2439 submi-

487 2492 587 2566 sit,
621 2491 841 2563 Jaium,
877 2488 1259 2546 Salmeronem
1292 2495 1348 2543 et
1378 2484 1665 2544 Canisium
1698 2505 1709 2539 :
1747 2492 1926 2559 utque
1951 2482 2081 2539 doc-

486 2595 622 2653 toris
676 2593 916 2672 gradum
976 2591 1326 2668 susciperent
1381 2587 1646 2645 Bononiae
1667 2631 1681 2660 ,
1743 2584 2078 2662 imperavit,

487 2716 603 2775 quo
649 2696 780 2774 plus
838 2695 911 2752 ad
977 2694 1286 2751 Germanos
1308 2737 1322 2766 ,
1384 2689 1698 2768 praesertim
1746 2687 2076 2760 haeretiCOS,

466 2798 735 2862 ,doctoris
769 2818 978 2855 nomen
1013 2798 1072 2854 in
1118 2815 1220 2854 suo
1269 2792 1517 2851 Luthero
1560 2789 1849 2846 venditare
1887 2787 2080 2846 solitos

489 2900 768 2959 haberent
788 2900 1155 2958 auctoritatis.
1183 2895 1434 2955 Docendi
1461 2894 1684 2953 initium
1718 2891 1781 2949 60
1806 2890 2081 2950 Calendas

492 3004 834 3064 Decembres
879 3000 1207 3080 Ingolstadii
1249 2999 1494 3071 factum,
1542 3006 1597 3054 et
1623 3000 1773 3074 jacta
1811 3014 1912 3072 per
1955 3012 2080 3050 eam

494 3107 842 3165 occasionem
879 3104 1095 3181 collegii
1130 3102 1521 3160 fundamenta.
1564 3099 1682 3157 Nec
1722 3108 1910 3154 tamen
1949 3094 2081 3172 plus

495 3229 643 3267 anno
672 3208 754 3266 ibi
782 3207 1033 3266 restitere
1073 3205 1362 3264 Salmeron
1390 3213 1448 3263 et
1481 3203 1660 3263 Jaius.
1705 3202 1897 3261 Jaium
1930 3201 2080 3260 enim
