2240 3546
463 266 735 303 His‘rofflffi
776 264 1096 303 soclssTAT1s
1139 267 1266 305 JESU
1278 292 1289 303 .
1545 247 1660 305 179

95 387 209 444 quo
240 367 460 424 dulcius
496 368 703 443 asperis
734 367 1134 424 mandarentur
1166 368 1399 444 ingeniis
1421 413 1435 441 ,
1478 370 1663 446 illiga·
1700 377 1893 449 indtffstria
1930 386 1969 420 et

94 480 220 526 rent
247 470 305 524 in
327 469 433 545 piis
456 468 799 526 carminibus
820 513 834 541 ,
869 489 996 546 qua}
1024 469 1366 546 prodeuntes
1387 470 1445 525 in
1468 470 1666 546 publi·
1700 443 1890 495 pericula.

97 589 227 626 cum
270 570 430 645 pueri
473 570 848 626 concinerent.
898 569 1253 646 Sequebatur
1294 589 1418 643 eOS,
1471 580 1667 647 captus

95 681 262 729 cantu
284 673 532 750 populus
555 672 819 749 frequens
841 718 855 746 ,
882 681 936 731 et
965 674 1353 750 praceuntibus
1382 673 1670 731 modulata

92 776 299 852 pariter
328 794 461 832 voce
490 775 889 852 respondebat.
918 776 1036 833 Hac
1060 785 1178 833 arte
1200 776 1441 834 rudibus
1471 778 1670 835 animis

92 877 363 952 impressa
403 877 673 933 doctrinae
710 877 965 934 salutaris
1002 877 1243 952 cognitio
1273 900 1284 933 :
1319 898 1488 953 quam
1521 878 1670 935 edita

91 977 346 1055 prodigia
401 978 662 1036 sanandis
719 979 912 1054 aegris,
974 978 1309 1055 castigandis
1359 979 1664 1055 improbis,

93 1079 288 1154 probis
318 1099 424 1156 ope
454 1079 720 1135 divinitus
753 1077 919 1134 allata
956 1078 1349 1152 sublevandis,
1382 1079 1521 1135 mire
1543 1098 1670 1135 con-

95 1179 413 1237 firmarunt.
442 1180 507 1237 In
535 1200 600 1237 eo
632 1181 871 1237 maxime
900 1181 1129 1237 Patrum
1160 1201 1294 1237 cura
1315 1181 1666 1253 versabatur,

93 1292 158 1339 ut
179 1284 399 1340 avidam
425 1283 687 1340 humanae
721 1283 900 1340 carnis
930 1281 1136 1339 famem
1157 1327 1171 1354 ,
1205 1303 1315 1359 qua
1347 1302 1483 1359 gens
1511 1283 1669 1338 initio

91 1383 420 1457 laborabat,
467 1384 924 1460 comprimerent.
979 1384 1174 1460 Itaque
1217 1404 1347 1441 cum
1388 1383 1576 1442 hostes
1611 1384 1669 1438 in

92 1486 208 1542 acie
253 1486 400 1562 capti
439 1484 621 1561 epulis
664 1485 981 1543 immitibus
1020 1486 1480 1557 destinabantur,
1533 1485 1671 1543 ade-

91 1595 251 1658 rant,
292 1595 357 1642 ut
393 1585 667 1642 barbaros
712 1584 786 1641 ab
816 1584 1011 1642 infami
1040 1585 1260 1643 laniena
1291 1586 1667 1659 deterrerent,

92 1697 191 1745 aut
213 1687 410 1746 saltem
434 1697 497 1745 ut
519 1687 799 1744 necandos
822 1688 1047 1744 erudire
1068 1697 1321 1764 possent,
1346 1697 1400 1745 et
1421 1709 1567 1764 aqua
1590 1708 1672 1746 sa-

93 1790 261 1847 lutari
284 1792 517 1867 tingere.
539 1789 681 1847 Cum
700 1789 909 1847 multos
931 1789 1085 1846 hunc
1106 1790 1164 1844 in
1188 1790 1424 1846 modum
1448 1798 1671 1846 aeternae

93 1895 258 1951 morti
301 1902 522 1970 ereptos
559 1892 743 1948 beatae
771 1891 1177 1947 immortalitati
1218 1902 1557 1963 assererent,
1589 1892 1671 1947 in-

95 1995 237 2053 vidit
267 2004 488 2052 satanas
519 2013 583 2050 ac
614 1992 838 2050 Brasilis
859 1993 1171 2069 persuasit,
1208 2011 1404 2049 eorum
1441 2011 1634 2050 carnes
1654 2036 1668 2064 ,

96 2097 194 2172 qui
230 2096 498 2173 baptizati
536 2093 809 2166 fuissent,
849 2093 1086 2151 evadere
1125 2092 1364 2151 insulsas
1407 2101 1463 2150 et
1504 2111 1673 2169 sapo-

94 2217 214 2254 rem
237 2198 488 2253 nativum
511 2196 799 2266 amittere,
834 2195 947 2252 imo
982 2215 1050 2252 ex
1070 2195 1317 2251 intinctis
1341 2213 1485 2270 aqua
1518 2192 1673 2251 salu-

95 2299 200 2355 tari
224 2298 487 2356 carnibus
510 2297 739 2355 morbos
760 2298 1049 2374 importari
1064 2298 1308 2355 convivis
1329 2316 1394 2353 ac
1409 2304 1668 2353 mortem.

99 2401 166 2458 Id
199 2422 327 2458 cum
358 2400 633 2457 haberent
665 2419 1035 2478 persuasum,
1075 2400 1341 2457 arcebant
1375 2397 1540 2474 longe
1574 2396 1674 2454 Pa-

100 2510 243 2573 tres,
278 2510 376 2557 aut
407 2501 450 2558 si
482 2520 741 2558 amovere
773 2502 997 2578 penitus
1026 2521 1138 2558 non
1162 2510 1391 2578 possent
1412 2546 1425 2573 ,
1460 2500 1674 2557 dabant

102 2611 248 2660 certe
271 2622 497 2680 operam
521 2647 535 2676 ,
562 2623 632 2660 ne
662 2623 775 2680 qua
805 2603 963 2661 fieret
993 2604 1102 2662 illis
1132 2623 1295 2681 aquae
1313 2647 1328 2676 ,
1366 2602 1439 2660 ad
1460 2603 1674 2680 imper-

100 2706 355 2764 tiendum
400 2707 747 2784 baptismum
767 2751 781 2779 ,
835 2706 1013 2783 copia.
1065 2704 1199 2763 Arte
1249 2724 1392 2782 opus
1440 2713 1559 2762 erat
1602 2702 1675 2760 ad

100 2808 431 2865 vincendam
465 2808 838 2865 barbarorum
871 2807 1280 2865 crudelitatem.
1315 2806 1574 2882 Cumque
1602 2805 1675 2861 ad

105 2909 387 2986 captivum
430 2909 644 2968 medios
683 2911 831 2968 inter
881 2912 1036 2988 ignes
1086 2912 1330 2967 animam
1378 2917 1671 2986 agentem,

107 3030 255 3069 unus
291 3031 320 3068 e
361 3013 563 3070 nostris
601 3012 905 3089 aliquando
947 3032 1273 3086 accurrens,
1318 3011 1480 3068 illum
1522 3009 1675 3066 insti-

106 3112 333 3186 tuisset,
387 3126 662 3190 quantum
708 3125 825 3171 erat
864 3135 1042 3193 opus,
1098 3135 1303 3192 aquam
1355 3112 1622 3191 poscebat
1660 3131 1669 3164 :

109 3216 362 3293 negaturi
396 3216 557 3293 fingit
592 3216 796 3274 famem
819 3262 834 3291 ,
873 3218 1029 3276 cibos
1061 3218 1219 3295 petit.
1261 3216 1436 3274 Cibus
1474 3212 1675 3270 allatus
