2240 3546
510 236 587 295 96
1172 262 1415 302 EPrrOME

509 380 660 419 mors
697 360 924 440 Angelis
953 362 1202 439 addidit,
1250 369 1413 445 quasi
1457 370 1676 428 tamdiu
1718 370 1992 428 duntaxat
2028 382 2084 430 et

507 474 803 541 prorogata
842 466 952 524 illis
991 468 1103 523 vita
1145 468 1321 542 foret,
1363 470 1504 527 dnm
1546 473 1681 549 ipsis
1726 473 1849 531 coeli
1879 475 2081 531 ostium

508 565 913 624 recluderetur.
958 568 1329 645 profugerant
1371 573 1429 627 in
1467 584 1684 632 montes
1721 585 1776 632 et
1819 576 1940 631 avia
1981 594 2087 631 ne-

510 687 665 725 mora
687 669 1010 740 Christiani,
1047 672 1382 746 praedonum
1413 683 1599 747 metu,
1634 677 1733 752 qui
1757 676 1940 732 littora
1975 695 2087 731 cae-

511 770 682 829 dibus
713 781 769 829 et
796 773 1070 830 incendiis
1113 773 1559 850 populabantur.
1606 777 1886 834 Montium
1929 786 2088 833 antra

511 883 826 946 scrutatuS,
867 884 922 931 et
965 874 1169 952 spelaea
1210 895 1538 948 nemorum,
1577 878 1820 935 crudivit
1855 880 2090 936 misera-

508 976 683 1034 bilem
730 977 989 1049 turbam,
1036 986 1092 1033 et
1135 977 1209 1033 ad
1248 979 1576 1054 patientiam
1606 980 1661 1035 in
1709 980 1956 1037 adversis
1996 979 2089 1036 di-

508 1100 763 1158 gnosque
787 1080 1113 1138 Christianis
1143 1081 1413 1139 institutis
1437 1101 1618 1139 mores
1645 1083 1923 1139 excitavit.
1952 1083 2092 1140 Inde

510 1184 782 1240 convertit
809 1202 1037 1260 operam
1070 1184 1142 1240 ad
1174 1184 1426 1243 ethnicos
1456 1194 1510 1242 et
1542 1204 1768 1242 mauros
1790 1230 1804 1258 ,
1844 1187 1943 1262 qui
1971 1189 2091 1262 ejus

506 1285 737 1342 adducti
780 1286 967 1343 verbis
1011 1295 1067 1342 et
1109 1286 1379 1363 exemplis
1418 1286 1796 1344 Mahometem
1832 1306 1998 1343 suum
2038 1295 2094 1344 et

505 1387 655 1442 idola
705 1387 964 1443 detestati
1009 1397 1161 1443 suut.
1211 1388 1389 1464 Major
1441 1388 1643 1445 insulae
1693 1408 1823 1464 pars
1870 1388 2092 1446 Christo

506 1489 930 1546 Sacramentum
990 1489 1131 1545 dixit
1176 1511 1187 1545 :
1231 1488 1454 1546 condita
1514 1488 1758 1564 templa,
1814 1489 2014 1546 delecti
2063 1510 2094 1547 e

504 1591 806 1668 neophytis
846 1591 1311 1667 prudentissimi,
1350 1601 1405 1647 et
1434 1590 1573 1666 legis
1598 1590 1802 1646 divinae
1838 1593 2095 1650 scientis-

505 1693 663 1764 simi,
709 1692 805 1769 qui
854 1692 1219 1769 popularium
1264 1712 1499 1769 suorum
1550 1701 1809 1768 gererent
1866 1712 2090 1766 curam,

506 1794 687 1850 donec
723 1793 985 1850 adessent
1029 1794 1317 1850 Societatis
1362 1793 1726 1866 Sacerdotes,
1774 1813 1918 1871 quos
1956 1814 2096 1852 con-

507 1898 667 1954 tinuo
691 1896 966 1953 Xaverius
997 1895 1304 1951 arcessivit.

675 1998 871 2056 Rebus
901 1997 975 2054 ad
1005 1997 1159 2054 hunc
1187 1995 1423 2053 modum
1453 1997 1513 2052 in
1543 1994 1824 2053 Amboina
1860 2016 2095 2075 compo-

510 2103 658 2176 sitis,
693 2100 905 2159 insulas
935 2099 1178 2156 lustrare
1209 2099 1593 2175 circumjectas
1632 2100 1895 2156 instituit.
1932 2100 2095 2156 Bara-

510 2227 712 2265 nuram
748 2204 1012 2284 petebat,
1053 2223 1185 2260 cum
1224 2212 1345 2259 orta
1389 2202 1580 2260 subito
1621 2202 1866 2280 procella
1908 2204 2097 2260 navim

509 2309 815 2381 fluctibus,
869 2314 1113 2363 rectores
1170 2304 1595 2383 desperatione,
1649 2315 1849 2364 nautas
1900 2315 2093 2379 metu,

510 2412 785 2489 implevit.
823 2408 1098 2466 Xaverius
1121 2408 1414 2487 dereptam
1444 2430 1474 2467 e
1507 2409 1649 2466 collo
1673 2410 1878 2467 Christi
1911 2409 2097 2467 cruci-

510 2512 901 2590 fixi-effigiem
951 2510 1206 2568 funiculo
1260 2531 1592 2589 suspensam
1649 2510 1984 2568 demittebat
2037 2511 2097 2567 in

511 2637 665 2675 mare
709 2639 720 2674 :
771 2615 977 2673 excidit
1028 2615 1110 2671 illi
1154 2635 1186 2672 e
1237 2615 1538 2688 manibus,
1592 2623 1648 2671 et
1688 2612 1857 2670 undis
1894 2612 2096 2670 hausta

511 2720 699 2778 statim
729 2719 1034 2796 procellam
1080 2718 1318 2777 sedavit.
1360 2717 1635 2776 Postridie
1678 2716 1837 2773 littus
1870 2715 2096 2792 legebat

512 2842 642 2879 cum
673 2822 851 2878 amico
872 2821 1138 2879 Lusitano
1161 2845 1175 2893 ς
1205 2828 1585 2898 emergentem
1607 2838 1638 2876 e
1660 2819 1800 2874 mari
1826 2839 2093 2876 cancrum

509 2925 726 2997 vident,
754 2928 913 3002 cujus
942 2926 1002 2980 in
1029 2924 1244 2982 falcatis
1269 2922 1531 2980 cruribus
1557 2920 1814 2978 exstabat
1846 2920 2094 2979 sublime

509 3026 660 3084 idem
691 3026 896 3084 Christi
928 3026 1198 3085 Crucifixi
1237 3023 1506 3101 sigillum.
1543 3023 1595 3081 Is
1624 3031 1775 3080 recta
1807 3022 2097 3080 contendit

512 3129 586 3187 ad
614 3130 920 3186 Xaverium
944 3174 958 3202 ,
994 3139 1049 3186 et
1078 3137 1208 3185 ante
1237 3127 1401 3183 illum
1434 3126 1699 3183 constitit.
1741 3126 1849 3197 Qui
1880 3143 2094 3183 sacram

515 3231 759 3309 effigiem
802 3232 1000 3309 positis
1045 3230 1204 3288 humi
1241 3229 1480 3307 genibus
1513 3228 1815 3307 recipiens,
1850 3248 1913 3285 ac
1948 3245 2096 3304 saepe
