2240 3546
539 248 809 288 msTomAE
850 243 1166 284 soC1ETAT1s
1209 247 1359 286 Jsssu.
1612 227 1726 287 103

170 353 396 410 brevem
445 361 501 408 et
549 352 815 408 sinceram
879 348 1146 405 doctrinae
1206 347 1529 405 Christianae
1579 369 1725 408 sum·

170 474 317 510 mam
338 497 352 525 ,
385 471 512 529 quae
540 451 854 529 puerilibus
884 451 941 506 in
973 449 1174 508 scholis
1204 449 1546 522 traderetur,
1581 471 1725 509 com-

163 554 369 630 posuit.
414 553 591 611 Multa
621 553 679 608 in
718 552 907 610 Monte
939 552 1169 629 Regali,
1202 551 1378 609 multa
1420 551 1721 624 Messanae,

164 663 262 711 aut
297 654 646 727 emendavit,
687 663 783 712 aut
816 655 1112 732 pristinum
1145 656 1204 711 in
1241 655 1412 713 decus
1452 654 1721 711 restituit.

161 755 385 814 Lainius
434 757 492 812 in
532 765 747 834 partem
799 755 1009 814 laboris
1051 758 1203 814 venit
1240 775 1385 813 anno
1427 775 1721 828 Movam,

161 877 274 934 quo
302 859 536 935 paulum
565 860 671 937 ipsi
695 859 851 915 licuit
878 878 978 935 per
1008 860 1399 935 occupationes
1435 878 1465 913 a
1495 855 1724 914 Concilii

160 958 469 1016 Tridentini
490 960 750 1017 Patribus
774 959 1082 1044 impositas,
1107 959 1537 1035 interquiescere
1561 977 1722 1014 :nam

157 1069 317 1118 antea
348 1071 588 1138 potestas
618 1061 739 1118 haec
760 1060 840 1117 illi
864 1061 993 1117 data
1017 1079 1130 1116 non
1160 1059 1360 1117 fuerat.

321 1163 614 1220 Intermitti
669 1182 800 1221 sane
868 1161 1177 1219 Concilium
1235 1170 1557 1238 oportuerat
1612 1159 1718 1218 hoc

156 1280 301 1318 anno
331 1273 558 1341 propter
588 1264 918 1342 pestilentiae
947 1273 1190 1336 metum,
1223 1262 1469 1340 aliasque
1498 1283 1711 1322 causas.

155 1363 282 1419 Non
321 1374 510 1422 tamen
561 1367 766 1423 idcirco
811 1367 955 1422 Socii
1001 1365 1292 1423 cessabant
1332 1367 1390 1421 in
1429 1366 1719 1442 publicam

154 1464 434 1540 religionis
479 1486 702 1523 causam
743 1467 971 1542 privatis
1018 1465 1313 1522 laboribus
1361 1466 1718 1539 incumbere,

154 1575 219 1622 ut
260 1567 493 1644 intelligi
540 1576 724 1643 potest
781 1587 811 1624 e
860 1567 1057 1623 litteris
1109 1565 1441 1642 Legatorum
1493 1565 1723 1622 Concilii

153 1669 479 1745 praesidum.
523 1670 665 1726 Cum
704 1670 852 1725 enim
897 1688 998 1744 per
1034 1667 1379 1723 occasionem
1409 1665 1594 1723 dilatae
1624 1668 1721 1745 Sy-

153 1771 317 1841 nodi,
372 1769 680 1827 Cardinalis
733 1768 1056 1846 Carpensis,
1111 1776 1166 1823 et
1213 1766 1449 1843 Magnus
1485 1767 1720 1824 Etruriae

153 1873 311 1945 Dux,
350 1893 452 1929 nec
484 1892 596 1928 non
630 1875 749 1948 ejus
780 1890 920 1928 uxor
961 1870 1233 1927 Eleonora
1263 1869 1559 1944 Toletana,
1591 1890 1719 1948 quae

153 1972 439 2030 Societatis
495 1972 793 2049 collegium
849 1972 1144 2029 Florentiae
1191 1971 1557 2046 moliebatur,
1603 1973 1723 2029 Lai-

151 2073 310 2129 nium
352 2074 425 2130 ab
475 2074 688 2151 Ignatio
734 2073 1136 2152 postulassent,
1182 2074 1342 2149 quasi
1389 2082 1525 2131 tunc
1566 2094 1597 2131 a
1644 2074 1722 2131 la-

152 2174 389 2233 boriosis
440 2177 670 2234 Concilii
721 2174 1184 2252 occupationibus
1241 2173 1563 2246 feriantem3
1616 2195 1720 2232 nec

152 2296 444 2350 recusare,
494 2278 650 2354 quod
699 2277 1003 2355 petebant,
1048 2283 1236 2353 posset
1273 2275 1336 2331 B.
1382 2275 1577 2347 Pater,
1616 2294 1718 2353 pro

155 2378 422 2454 singulari
452 2398 552 2436 suo
589 2398 718 2454 erga
742 2388 1006 2456 patronos
1036 2377 1321 2435 Societatis
1344 2422 1358 2450 ,
1399 2377 1719 2453 amicosque

159 2478 344 2536 studio
393 2501 404 2535 ε
459 2489 734 2556 negarunt
785 2480 975 2556 Legati
1015 2479 1292 2536 Pontificii
1334 2479 1545 2557 Synodi
1580 2498 1719 2556 prae-

158 2580 303 2638 sides
321 2625 334 2645 ,
362 2601 546 2638 carere
568 2602 624 2638 se
647 2581 743 2637 illo
765 2600 948 2658 posse.
987 2579 1168 2638 Hanc
1197 2585 1321 2658 ipsi
1337 2586 1718 2659 provinciam

1790 1155 2023 1198 Tridentina

1816 1221 1999 1274 Synodus

1832 1285 1969 1328 dilata.

156 2683 296 2741 decli
334 2682 433 2760 (ait
468 2684 527 2739 in
562 2684 676 2741 suis
720 2683 792 2740 ad
834 2682 1110 2759 Ignatium
1155 2683 1351 2741 litteris
1374 2682 1400 2708 *
1423 2683 1718 2741 Marcellus
1754 2691 1774 2713 *
1805 2692 1918 2732 datis
1955 2692 2050 2733 Tri-

158 2783 449 2862 Cervinus)
480 2794 552 2840 ut
578 2784 892 2863 collz'gseret,
931 2788 1000 2840 in
1028 2784 1408 2861 ordinemque
1435 2785 1722 2863 redzyei'et

160 2885 569 2943 haereticorum
613 2908 835 2944 errores
878 2907 1071 2944 omnes
1120 2890 1188 2943 in
1245 2885 1503 2944 Concilio
1559 2886 1721 2942 clam-

160 2986 414 3058 mmclos,
459 2992 799 3066 proesertz‘m
856 2991 969 3064 qui
1012 2987 1096 3043 acl
1149 2986 1541 3044 Sacramenta
1586 3005 1721 3063 per-

165 3089 377 3144 tinent.
453 3087 773 3168 lW⁷eyoti2c7n
836 3110 1138 3168 operosum
1208 3099 1264 3145 et
1322 3091 1535 3166 maym‘
1590 3089 1716 3143 otii.

171 3184 564 3255 Quamobrem
594 3213 713 3249 ozon
734 3192 1022 3269 judicavi
1050 3195 1233 3269 prius
1261 3188 1717 3257 dimittendum,

1753 2758 1869 2797 denti
1906 2757 1931 2797 5
1966 2756 2045 2807 feb.

1754 2822 1873 2863 1547.
